,unique_id,price,weight,process,grind_types,roast,blend,description,arabica_robusta,origin,weight(g),price_per_kg
0,https://www.coffeedesk.pl/product/17602/Espresso-Miesiaca-Autumn-Coffee-Uganda-Great-Lakes-1Kg,139.0,1 kg,Natural,espresso,medium,beans,"Maj rozpoczynamy z nowym espresso miesiąca! Tym razem przedstawiamy ziarno z Ugandy, wypalone w palarni Autumn Coffee Roasters. Kawa palona w średnim stopniu, świetnie sprawdzi się do ekspresu ciśnieniowego i kawiarki. W smaku pojawia się soczysta owocowość wiśni, nuta żurawiny, persymony, wraz ze słodyczą toffi i orzechów laskowych.",100% Arabica,Uganda,1000.0,139.0
1,https://www.coffeedesk.pl/product/17601/Espresso-Miesiaca-Autumn-Coffee-Uganda-Great-Lakes-250G,43.0,250 g,Natural,espresso,medium,beans,"Maj rozpoczynamy z nowym espresso miesiąca! Tym razem przedstawiamy ziarno z Ugandy, wypalone w palarni Autumn Coffee Roasters. Kawa palona w średnim stopniu, świetnie sprawdzi się do ekspresu ciśnieniowego i kawiarki. W smaku pojawia się soczysta owocowość wiśni, nuta żurawiny, persymony, wraz ze słodyczą toffi i orzechów laskowych.",100% Arabica,Uganda,250.0,172.0
2,https://www.coffeedesk.pl/product/115/Johan-And-Nystrom-Espresso-Fairtrade-Fto,79.0,500 g,,espresso,medium,beans,"Flagowa mieszanka ziaren jakości speciality ze szwedzkiej palarni Johan & Nyström. Palona w średnim stopniu, przeznaczona do espresso - doskonale sprawdzi się w ekspresach ciśnieniowych i kawiarkach. 

Na blend składają się organiczne ziarna z Etiopii, Sumatry i Nikaragui. Wspólnie tworzą pełne brzmienia espresso, o delikatnym czekoladowym zabarwieniu i z nutą słodkich owoców. Ziarno z Etiopii zapewnia lekkość i owocowość, natomiast kawa z Sumatry i Niaragui nadaje cięższego, słodkiego charakteru. To niezwykłe espresso, które jest zarówno smaczne, jak i przygotowane w etyczny sposób od samego ziarna kawy.",100% Arabica,None,500.0,158.0
3,https://www.coffeedesk.pl/product/753/Arcaffe-Gorgona-1Kg,99.0,1 kg,,espresso,medium,beans,"Gorgona to nazwa jednej z wysp archipelagu Tuscan, który znajduje się w pobliżu Livorno. Jest to także nazwa nowej mieszanki palarni Arcaffe, która zawiera wysokiej jakości ziarna Arabiki 85% i Robusty 15%. Została stworzona dla tych, którzy preferują bardziej intensywny smak.",85/15,Włochy,1000.0,99.0
4,https://www.coffeedesk.pl/product/754/Arcaffe-Gorgona-250G,32.0,250 g,,espresso,medium,beans,"Gorgona to nazwa jednej z wysp archipelagu Tuscan, który znajduje się w pobliżu Livorno. Jest to także nazwa nowej mieszanki palarni Arcaffe, która zawiera wysokiej jakości ziarna Arabiki 85% i Robusty 15%. Została stworzona dla tych, którzy preferują bardziej intensywny smak.",85/15,Włochy,250.0,128.0
5,https://www.coffeedesk.pl/product/5874/Arcaffe-Kuz-Kawa-Bezkofeinowa,65.0,500 g,,espresso,medium,beans,,100% Arabica,None,500.0,130.0
6,https://www.coffeedesk.pl/product/272/Arcaffe-Margo-1Kg,79.0,1 kg,,espresso,medium,beans,"Arcaffe Margo to wyważona mieszanka ziaren kawy o dużej mocy, ale zarazem delikatnie miękka i kremowa z wyczuwalnymi nutami czekoladowymi.",50/50,None,1000.0,79.0
7,https://www.coffeedesk.pl/product/267/Arcaffe-Meloria-1Kg,99.0,1 kg,,espresso,medium,beans,"Meloria to mieszanka ziaren arabiki (75%) i robusty (25%) stworzona dla tych, którzy preferują intensywny smak.

Kawa przygotowana z tych ziaren będzie posiadać trwałą cremę, pełne body, aromat wanilii i czekoladowy posmak.",75/25,Włochy,1000.0,99.0
8,https://www.coffeedesk.pl/product/268/Arcaffe-Meloria-250G,31.9,250 g,,espresso,medium,beans,"Meloria to mieszanka ziaren arabiki (75%) i robusty (25%) stworzona dla tych, którzy preferują intensywny smak.

Kawa przygotowana z tych ziaren będzie posiadać trwałą cremę, pełne body, aromat wanilii i czekoladowy posmak.",75/25,Włochy,250.0,127.6
9,https://www.coffeedesk.pl/product/269/Arcaffe-Mokacrema-1Kg,125.0,1 kg,,espresso,medium,beans,"Mokacrema to blend kaw ziarnistych jakości speciality: Gwatemali, Salwadoru, Etiopii i Brazylii. Na paczce widnieje certyfikat włoskiego SCA, czyli organizacji skupiającej się na kawach najwyższej jakości.",100% Arabica,None,1000.0,125.0
10,https://www.coffeedesk.pl/product/270/Arcaffe-Mokacrema-250G,36.0,250 g,,espresso,medium,beans,"Mokacrema to blend kaw ziarnistych jakości speciality: Gwatemali, Salwadoru, Etiopii i Brazylii. Na paczce widnieje certyfikat włoskiego SCA, czyli organizacji skupiającej się na kawach najwyższej jakości.",100% Arabica,None,250.0,144.0
11,https://www.coffeedesk.pl/product/3578/Arcaffe-Peru-Fto,75.0,500 g,,espresso,medium,beans,"Peru Fair Trade Organic to ziarna z odległych rejonów Peru, oznaczone certyfikatami CSC oraz Fairtrade.

Organiczna kawa o pełnym body, delikatnej kwasowości i niezwykłych nutach miodu i prażonych migdałów. W posmaku zwieńczona łagodnym smakiem kakao.",100% Arabica,Peru,500.0,150.0
12,https://www.coffeedesk.pl/product/586/Arcaffe-Roma-Puszka,35.0,250 g,,espresso,medium,ground,"Roma to wysokiej jakości słodka mieszanka kaw Arabica, produkowanych ciągle bez zmian (z wyjątkiem czasu wojny) od 1926 roku.

Opakowanie: 250g
Kawa mielona.",100% Arabica,None,250.0,140.0
13,https://www.coffeedesk.pl/product/265/Arcaffe-Roma-1Kg,109.0,1 kg,,espresso,medium,beans,"Roma to najbardziej klasyczna mieszanka z Arcaffe. Produkowana niezmiennie od 1926 (wyłączając czas wojny). Jej nazwa to hołd dla baru Roma, który był pierwszym espresso barem w Livorno skąd pochodzi palarnia.",100% Arabica,None,1000.0,109.0
14,https://www.coffeedesk.pl/product/266/Arcaffe-Roma-250G,29.0,250 g,,espresso,medium,beans,"Roma to najbardziej klasyczna mieszanka z Arcaffe. Produkowana niezmiennie od 1926 (wyłączając czas wojny). Jej nazwa to hołd dla baru Roma, który był pierwszym espresso barem w Livorno skąd pochodzi palarnia.",100% Arabica,Włochy,250.0,116.0
15,https://www.coffeedesk.pl/product/4916/Audun-Coffee-Brazylia-Fazenda-Rainha-Miaki-Espresso-500G,60.0,500 g,Natural,espresso,medium,beans,"Ziarno jakości speciality pochodzące z Brazylii, wypalane przez Mistrza Świata Roasterów 2015, Auduna Sorbottena. Kawa palona w średnim stopniu, przeznaczona do espresso i kawiarek. Charakteryzuje się intensywną czekoladowo-orzechową słodyczą oraz niską kwasowością.",100% Arabica,Brazylia,500.0,120.0
16,https://www.coffeedesk.pl/product/1848/Audun-Coffee-Cuba-Espresso-Blend-1-Kg,120.0,1 kg,Washed,espresso,medium,beans,"Cuba Espresso to mieszanka kaw ziarnistych z Kuby i z Afryki. Wypalana przez Auduna Sorbottena, Mistrza Świata Roasterów z 2015 roku. Gęsta i gładka, w smaku dużo czekoladowej słodyczy i niska kwasowość.",100% Arabica,None,1000.0,120.0
17,https://www.coffeedesk.pl/product/6173/Audun-Coffee-Cuba-Espresso-Blend-500G,62.0,500 g,Washed,espresso,medium,beans,"Cuba Espresso to mieszanka kaw ziarnistych z Kuby i z Afryki. Wypalana przez Auduna Sorbottena, Mistrza Świata Roasterów z 2015 roku. Gęsta i gładka, w smaku dużo czekoladowej słodyczy i niska kwasowość.",100% Arabica,None,500.0,124.0
18,https://www.coffeedesk.pl/product/17345/Audun-Coffee-Peru-Salva-Andina-Espresso-1Kg,158.0,1 kg,Washed,espresso,medium,beans,"Ziarno z Peru, wypalone przez Mistrza Świata Roasterów 2015 - Auduna Sorbottena. Kawa palona w średnim stopniu, świetnie sprawdzi się do ekspresu ciśnieniowego i kawiarki.",100% Arabica,Peru,1000.0,158.0
19,https://www.coffeedesk.pl/product/17344/Audun-Coffee-Peru-Salva-Andina-Espresso-250G,50.0,250 g,Washed,espresso,medium,beans,"Ziarno z Peru, wypalone przez Mistrza Świata Roasterów 2015 - Auduna Sorbottena. Kawa palona w średnim stopniu, świetnie sprawdzi się do ekspresu ciśnieniowego i kawiarki.",100% Arabica,Peru,250.0,200.0
20,https://www.coffeedesk.pl/product/5607/Coffeelab-Brazylia-Cemorrado-Sweet-Edition-Espresso-250G,26.0,250 g,Natural,espresso,medium,beans,"Kawa ziarnista jakości speciality pochodząca z Brazylii, wypalona w z warszawskiej palarni Coffeelab. Palona w średnim stopniu, przeznaczona do espresso - sprawdzi się w ekspresach ciśnieniowych i kawiarkach. W filiżance można oczekiwać gęstego body, długiej czekoladowej słodyczy, lekkich nut orzechów i pistacji.",100% Arabica,Brazylia,250.0,104.0
21,https://www.coffeedesk.pl/product/4486/Diemme-Caffe-Miscela-Blu-Super-500G,46.0,500 g,,espresso,dark,beans,,100% Arabica,None,500.0,92.0
22,https://www.coffeedesk.pl/product/13636/Hayb-Espresso-Starter-Pack-5-X-250G,123.0,5 x 250g,,espresso,medium,beans,"Zestaw pięciu 250-gramowych opakowań kaw pod espresso, wypalonych przez warszawską palarnię HAYB. Ziarno jest wypalone w średnim stopniu, doskonale sprawdzi się w ekspresach ciśnieniowych i kawiarkach. ",None,None,1250.0,98.4
23,https://www.coffeedesk.pl/product/13638/Hayb-X-Coffeedesk-Filter-Tasting-Box-6-X-60G,94.0,6 x 60g,,Drip (Metody alternatywne),light,beans,"Nie wiesz, którą kawę wybrać? Nie wiesz, które nuty smakowe w kawie najbardziej przypadną Ci do gustu? Nudzi Cię picie jednej kawy i lubisz częściej eksperymentować? Chcesz przetestować kawę przed zakupem? Jeżeli na którekolwiek z tych pytań odpowiedziałeś twierdząco, nasz zestaw kaw HAYB Tasting Box jest właśnie dla Ciebie!

Zestaw Tasting Box HAYB degustacyjny składa się z 6 kaw z oferty palarni. Każda z próbek ma 60 gramów, żebyś mógł zaparzyć kawę kilka razy i poeksperymentować. Dodatkowo, w opakowaniu znajdziesz słodki upominek!

Łącznie w Filter Box HAYB znajduje się aż 360 gramów kawy, więc zestaw może być też świetnym wyborem dla tych, których nudzi picie jednej kawy i zamiast jednej paczki wolą mieć zawsze w domu co najmniej kilka propozycji.

Staramy się, aby do zestawu degustacyjnego trafiał zawsze pełen przekrój naszych kaw pod filtr – od orzechowo-czekoladowych Ameryk, po bardzo owocowe Afryki. Wszystkie próbki kaw to kawy speciality single origin, jasno palone pod alternatywne metody parzenia – drip, aeropress i chemex.",100% Arabica,None,360.0,261.11111111111114
24,https://www.coffeedesk.pl/product/262/Illy-Classico-Classic-Roast-Kawa-Ziarnista,28.9,250 g,,espresso,dark,beans,"To espresso jest równowagą siły i gładkości. Kwintesencja  wyraźnego aromatu czekolady,  karmelu i lekkiej nutki kwiatów.",100% Arabica,None,250.0,115.6
25,https://www.coffeedesk.pl/product/4/Izzo-Gold-Puszka-250-G,29.9,250 g,,espresso,dark,beans,"Izzo Gold to mieszanka wyłącznie najwyższej jakości ziaren Arabiki.  Kawa o niebywałym aromacie. Urzeka kremową konsystencją i  łagodnym, wyrafinowanym smakiem .  Po jej skosztowaniu z pewnością staniesz się miłośnikiem kawy.",100% Arabica,None,250.0,119.6
26,https://www.coffeedesk.pl/product/26/Izzo-Gold-100Procent-Arabica-1Kg-Puszka,89.0,1 kg,,espresso,dark,beans,"Mieszanka najlepszych i najczystszych ziaren Arabiki, wypalanych w Boscoreale, w prowincji Campania.
 ",100% Arabica,None,1000.0,89.0
27,https://www.coffeedesk.pl/product/100/Johan-And-Nystrom-Bourbon-Jungle,74.0,500 g,,"drip, espresso",dark,beans,"Tło dla tej mieszanki, pochodzi z tęsknoty za prawdziwym, ciemnym paleniem kawy o wysokiej jakości ziarnach. Mimo, że ziarna są ciemno palone, utrzymuje się ich wyraźny i intensywny aromat. Kawa ta posiada przyjemnie dymny posmak, z lekką nutą słodyczy, oraz ze sporą owocowością.",100% Arabica,None,500.0,148.0
28,https://www.coffeedesk.pl/product/1238/Johan-And-Nystrom-Brazil-Fortaleza,39.89,250 g,Natural,Drip (Metody alternatywne),medium,beans,"Kawa ziarnista jakości speciality pochodząca z Brazylii, wypalana przez szwedzką palarnie Johan & Nystrom. Palona jasno, sprawdzi się przede wszystkim w przelewowych metodach parzenia. Fortaleza jest doskonale zbalansowana, o naturalnych nutach czekolady, orzechów laskowych i wiśni - propozycja skierowana do tych, którzy w kawie poszukują naturalnej słodyczy.",100% Arabica,Brazylia,250.0,159.56
29,https://www.coffeedesk.pl/product/110/Johan-And-Nystrom-Buena-Vista-Fairtrade,79.0,500 g,,"drip, espresso",medium,beans,"Buena Vista jest kawą sprawiedliwego handlu Fair Trade. Zawiera w 100% organiczne i certyfikowane ziarna kawy. To zdrowa mieszanka, która najlepiej smakuje jako napar przyrządzony za pomocą french pressa lub ekspresu przelewowego.",100% Arabica,None,500.0,158.0
30,https://www.coffeedesk.pl/product/117/Johan-And-Nystrom-Espresso-La-Bomba,69.0,500 g,,espresso,medium,beans,"Jeśli kiedykolwiek doświadczyliście espresso w jednym z małych barów kawowych w południowych Włoszech, w szczególności w Neapolu, to wiecie co znaczy smak espresso. Obecność robusty w naszej mieszance nadaje kawie mocny charakter oraz ziemisty smak, połączony z delikatną nutką kakao i długo utrzymującą się kwaskowatością. ",60/40,None,500.0,138.0
31,https://www.coffeedesk.pl/product/3361/Johan-And-Nystrom-Ethiopia-Guji,49.0,250 g,Natural,Drip (Metody alternatywne),light,beans,"Kawa ziarnista jakości speciality pochodząca z Etiopii, wypalona w szwedzkiej palarni Johan & Nyström. Palona w jasnym stopniu, sprawdzi się zarówno do ekspresu ciśnieniowego oraz kawiarki, jak i do ekspresu przelewowego, dripa, Chemexa, AeroPressa, French Pressa i innych alternatywnych metod parzenia. W filiżance na pierwszy plan wysuwa się słodycz, dopełniona nutami owocowymi.",100% Arabica,Etiopia,250.0,196.0
32,https://www.coffeedesk.pl/product/626/Johan-And-Nystrom-Ethiopia-Welena,49.0,250 g,Washed,Drip (Metody alternatywne),light,beans,"Kawa ziarnista jakości speciality pochodząca z Etiopii, wypalona w szwedzkiej palarni Johan & Nystrom. Palona w jasnym stopniu, sprawdzi się zarówno do ekspresu ciśnieniowego oraz kawiarki, jak i do ekspresu przelewowego, dripa, Chemexa, AeroPressa, French Pressa i innych alternatywnych metod parzenia.

Welena to etiopska kawa, w której odnajdziesz esencję smaków i aromatów charakterystycznych dla regionu, z którego pochodzi. Złożona, o czystych nutach przypominających brzoskwinie, różowego grejpfruta i bergamotkę, wraz z kwiatowym aromatem.",100% Arabica,Etiopia,250.0,196.0
33,https://www.coffeedesk.pl/product/5087/Johan-And-Nystrom-Fika-Kawa-Mielona,55.0,500 g,,"drip, espresso",medium,ground,"Fika to ważny element szwedzkiej kultury, oznaczający przerwę na kawę lub herbatę. W tym przypadku jest to także kawa, która została stworzona aby kultywować tę tradycję. 

Jest to kawa o pełnym body, idealnie zbalansowana, z delikatnymi nutami kakao.

Świetnie sprawdzi się w ekspresach przelewowych, french pressie lub w kawiarce, zarówno solo, jak i z dodatkiem mleka.

Zrób sobie przerwę na kawę!",100% Arabica,None,500.0,110.0
34,https://www.coffeedesk.pl/product/8319/Johan-And-Nystrom-Fundamental-Espresso,79.99,500 g,,espresso,medium,beans,"Fundamental to nowa mieszanka kaw ziarnistych jakości speciality, wypalona przez szwedzką palarnię Johan & Nyström. W blendzie znajdziesz ziarno z Brazylii, Burundi i Peru.

Kawa jest palona w średnim stopniu, przeznaczona do espresso - doskonale sprawdzi się w ekspresach ciśnieniowych i kawiarkach. W jej smaku można wyczuć sporo słodyczy, z delikatną nutą nektarynki i kremowym nugatem.",100% Arabica,"Brazylia, Burundi, Peru",500.0,159.98
35,https://www.coffeedesk.pl/product/109/Johan-And-Nystrom-Sumatra-Gayo-Mountain-Fairtrade,44.0,250 g,Natural,Drip (Metody alternatywne),dark,beans,"Sumatra Gayo Mountain pochodzi z prowincji Ache, położonej w północnej części Sumatry. To kawa o ciemnym stopniu palenia, intensywnym aromacie przypraw i świeżych fig. Jej bogaty, dobrze wyważony smak zadowoli najbardziej wymagające podniebienie. ",100% Arabica,Indonezja,250.0,176.0
36,https://www.coffeedesk.pl/product/17747/Johan-And-Nystrom-Brazil-Fortaleza-250G--Ziarno-Outlet,25.93,250 g,Natural,Drip (Metody alternatywne),medium,beans,"Kawa ziarnista jakości speciality pochodząca z Brazylii, wypalana przez szwedzką palarnie Johan & Nystrom. Palona jasno, sprawdzi się przede wszystkim w przelewowych metodach parzenia. Fortaleza jest doskonale zbalansowana, o naturalnych nutach czekolady, orzechów laskowych i wiśni - propozycja skierowana do tych, którzy w kawie poszukują naturalnej słodyczy.",100% Arabica,Brazylia,250.0,103.72
37,https://www.coffeedesk.pl/product/360/Kimbo-Prestige,64.9,1 kg,,espresso,dark,beans,Kimbo Prestige to znakomicie zbalansowana mieszanka południowo-amerykańskiej Arabiki (80%) i najlepszych jakościowo odmian ziaren Robusty (20%).,80/20,None,1000.0,64.9
38,https://www.coffeedesk.pl/product/359/Kimbo-Top-Flavour,79.89,1 kg,,espresso,dark,beans,Łagodniej palony blend najwyższej klasy ziaren Arabiki pochodzących z plantacji w Ameryce Łacińskiej.,100% Arabica,None,1000.0,79.89
39,https://www.coffeedesk.pl/product/1001/Kofi-Brand-Brazylia-Guaxupe-1Kg,109.0,1 kg,Natural,espresso,medium,beans,,100% Arabica,Brazylia,1000.0,109.0
40,https://www.coffeedesk.pl/product/999/Kofi-Brand-Brazylia-Guaxupe-250G,27.99,250 g,Natural,espresso,medium,beans,,100% Arabica,Brazylia,250.0,111.96
41,https://www.coffeedesk.pl/product/939/Kofi-Brand-Kofi-Brasil-1Kg,129.0,1 kg,Natural,espresso,medium,beans,"Wysokiej jakości ziarna arabiki z Brazylii, wypalane przez warszawską palarnię Kofi Brand. Kawa o dominującej słodyczy, w smaku i aromacie pojawiają się nuty suszonych owoców, ciemnej czekolady, orzechów i słodkiego karmelu.",100% Arabica,Brazylia,1000.0,129.0
42,https://www.coffeedesk.pl/product/935/Kofi-Brand-Kofi-Brasil-250G,35.0,250 g,Natural,espresso,medium,beans,"Wysokiej jakości ziarna arabiki z Brazylii, wypalane przez warszawską palarnię Kofi Brand. Kawa o dominującej słodyczy, w smaku i aromacie pojawiają się nuty suszonych owoców, ciemnej czekolady, orzechów i słodkiego karmelu.",100% Arabica,Brazylia,250.0,140.0
43,https://www.coffeedesk.pl/product/929/Kofi-Brand-Sweet-Espresso-E-250G,37.0,250 g,Natural,espresso,medium,beans,"To niesamowita mieszanka smaku. W aromacie wyraźnie wyczuwalne nuty skórki pomarańczy. Smak zdominowany słodyczą dojrzałych, soczystych pomarańczy, przełamany akcentem słodkiego marcepanu. Pozostawia przyjemny, dość intensywny posmak kakao. Średnie, syropowate body. 100% Arabika.",100% Arabica,"Etiopia, Brazylia",250.0,148.0
44,https://www.coffeedesk.pl/product/3181/Le-Piantagioni-Del-Caffe-100-1Kg,99.9,1 kg,,espresso,dark,beans,"100% Arabica to mieszanka arabik z Gwatemali, Etiopii, Salwadoru i Brazylii, wypalanych przez cenioną włoską palarnię Le Piantagioni del Caffè. Kawa o słodowym aromacie i słodkim, kakaowym smaku. Gładka i delikatna.",100% Arabica,Włochy,1000.0,99.9
45,https://www.coffeedesk.pl/product/63/Pellini-Top-100Procent-Arabica,89.9,1 kg,,espresso,dark,beans,"Mieszanka składa się z najwyższej jakości ziaren Arabiki. Powolny proces palenia zapewnia zrównoważony, pełny smak i aromat.",100% Arabica,None,1000.0,89.9
46,https://www.coffeedesk.pl/product/15608/Rocket-Bean-Kenya-Ruka-Chui,45.0,200 g,Washed,Drip (Metody alternatywne),light,beans,,100% Arabica,Kenia,200.0,225.0
47,https://www.coffeedesk.pl/product/17360/Royal-Beans-Hard-Beans-Panama-Finca-Deborah-Geisha-Echo-125G,175.0,125 g,Carbonic Maceration,Drip (Metody alternatywne),light,beans, ,100% Arabica,Panama,125.0,1400.0
48,https://www.coffeedesk.pl/product/5796/3Fe-Momentum-Blend,47.0,250 g,Washed,espresso,medium,beans,"Mieszanka kaw ziarnistych jakości speciality pochodzących z Salwadoru i Nikaragui, wypalanych w irlandzkiej palarni 3fe (Third Floor Espresso). Kawa palona w średnim stopniu, przeznaczona do espresso, sprawdzi się zatem w ekspresach ciśnieniowych i kawiarkach. Dominuje w niej słodycz czekolady i orzechów. Gładka i gęsta! ",100% Arabica,"Salwador, Nikaragua",250.0,188.0
49,https://www.coffeedesk.pl/product/1562/Arcaffe-Giannutri,92.0,1 kg,,espresso,dark,beans,"Mieszanka Arabiki i Robusty w stosunku 60/40 z włoskiej palarni Arcaffe. Dodatek robusty zapewnia intensywny, nie za słodki smak, z przyjemnym posmakiem.",60/40,None,1000.0,92.0
50,https://www.coffeedesk.pl/product/8038/Audun-Coffee-Brazylia-Fazenda-Rainha-Miaki-Espresso-250G,32.0,250 g,Natural,espresso,medium,beans,"Kawa ziarnista jakości speciality pochodząca z Brazylii, wypalona przez Mistrza Świata Roasterów 2015, Auduna Sorbottena. Kawa palona w średnim stopniu, przeznaczona do espresso i kawiarek. Charakteryzuje się intensywną czekoladowo-orzechową słodyczą oraz niską kwasowością.",100% Arabica,Brazylia,250.0,128.0
51,https://www.coffeedesk.pl/product/11154/Autumn-Coffee-Roasters-Gwatemala-Finca-El-Naranjo-Espresso-1Kg,130.0,1 kg,Washed,espresso,medium,beans,"Kawa ziarnista jakości speciality z Gwatemali, wypalona przez Autumn Coffee Roasters. Palona w średnim stopniu, idealna do ekspresów ciśnieniowych oraz kawiarek.

W filiżance można oczekiwać nut syropu klonowego, brzoskwini, mandarynki i pralinek. Doskonała jako kawa czarna, jednak sprawdzi się również w połączeniu z mlekiem.",100% Arabica,Gwatemala,1000.0,130.0
52,https://www.coffeedesk.pl/product/11153/Autumn-Coffee-Roasters-Gwatemala-Finca-El-Naranjo-Espresso-250G,35.0,250 g,Washed,espresso,medium,beans,"Kawa ziarnista jakości speciality z Gwatemali, wypalona przez Autumn Coffee Roasters. Palona w średnim stopniu, idealna do ekspresów ciśnieniowych oraz kawiarek.

W filiżance można oczekiwać nut syropu klonowego, brzoskwini, mandarynki i pralinek. Doskonała jako kawa czarna, jednak sprawdzi się również w połączeniu z mlekiem.",100% Arabica,Gwatemala,250.0,140.0
53,https://www.coffeedesk.pl/product/9589/Bagdrip-Kolumbia-1-Saszetka,5.5,11 g,,Drip (Metody alternatywne),light,ground,"Bagdrip to kawa i specjalny filtr, który możesz zawiesić na swój kubek. W środku najwyższej jakości, świeżo palone, zmielone ziarna z różnych zakątków świata. Pozwala to przygotować pojedynczą porcję około 185 ml naparu - wystarczy gorąca woda i kubek. Pyszna kawa w każdych warunkach, w podróży i w domu - szybko, łatwo i bez specjalnego sprzętu.
 ",100% Arabica,Kolumbia,11.0,500.0
54,https://www.coffeedesk.pl/product/5646/Bonanza-Ethiopia-Sasaba,57.0,250 g,Natural,"drip, espresso",medium,beans,"Lubicie truskawki, prawda? Każdy lubi, przyznajcie. Czy CoffeeDesk stał się osiedlowym warzywniaczkiem? Nie, to tylko Etiopia Sasaba Natural spod szyldu berlińskiej Bonanzy!",100% Arabica,Etiopia,250.0,228.0
55,https://www.coffeedesk.pl/product/6986/Coffeelab-Gwatemala-Huehuetenango-Espresso,26.0,250 g,Washed,espresso,medium,beans,"Kawa ziarnista jakości speciality pochodząca z Gwatemali, wypalana w warszawskiej palarni Coffeelab. Palona w średnim stopniu, sprawdzi się w ekspresach ciśnieniowych i kawiarkach. Kremowa i słodka, o dominujących nutach migdałów, malin i mlecznej czekolady.",100% Arabica,Gwatemala,250.0,104.0
56,https://www.coffeedesk.pl/product/1676/Delanero-Pranzo,39.9,500 g,,espresso,,ground,Pranzo to wysoka półka wśród kaw śniadaniowych prosto ze Szwecji. Kawa o łagodnym smaku i kremowej teksturze. Idealna na przyjemny początek dnia.,100% Arabica,Brazylia,500.0,79.8
57,https://www.coffeedesk.pl/product/2979/Diemme-Caffe-Caffe-Lungo-Puszka-250G,36.0,250 g,,"drip, espresso",medium,ground,"Delikatna, średnio palona mieszanka trzech arabik od Diemme. Kawy z Salwadoru i Nikaragui nadają karmelowo-czekoladowej słodyczy, a mielone ziarno z Etiopii dodaje kwiatowo-cytrusowe nuty. Kawa jest zmielona w średnim stopniu, dzięki czemu sprawdzi się w ekspresach przelewowych lub kawiarkach. ",100% Arabica,None,250.0,144.0
58,https://www.coffeedesk.pl/product/2357/Diemme-Caffe-Decaffeinato-Miscela-Blu-Bianco-250G-Kawa-Bezkofeinowa,35.0,250 g,,espresso,dark,ground,"Kawa bezkofeinowa Diemme, która od ponad 50 lat powstaje według sprawdzonej receptury. Zapewnia przyjemne doznania dla zmysłów, idealna na każdą porę dnia. Jest zmielona idealnie do parzenia w kawiarce. Pij i śpij spokojnie!",80/20,None,250.0,140.0
59,https://www.coffeedesk.pl/product/2359/Diemme-Caffe-Maranello-Formula-1Kg,119.0,1 kg,,espresso,dark,beans,"Diemme Maranello to specjalna seria kawy, która powstała na cześć współpracy z marką Ferrari. Łagodna, o niewielkiej zawartości kofeiny i zbalansowanym smaku. Wyczuwalna czekoladowa słodycz, długo utrzymująca się crema i pełne body - idealny sposób na rozpoczącie dnia.",100% Arabica,None,1000.0,119.0
60,https://www.coffeedesk.pl/product/2360/Diemme-Caffe-Maranello-Grand-Prix-1Kg,69.0,1 kg,,espresso,dark,beans,"Diemme Maranello Grand Prix to specjalna seria produktowa, która powstała na cześć współpracy z marką Ferrari. Dzięki dodatkowi  wysokiej jakości robusty, kawa ma delikatnie podwyższoną zawartość kofeiny w porównaniu do klasycznej wersji Maranello. Naładowana energią, niezwykle kremowa, świetna zarówno w wersji czarnej, jak i z mlekiem.",75/25,None,1000.0,69.0
61,https://www.coffeedesk.pl/product/2353/Diemme-Caffe-Miscela-Aromatica-1Kg,59.0,1 kg,,espresso,dark,beans,"Aromatica to mieszanka arabiki i robusty dla miłośników wyraźnych smaków. Pełne body, wysoka kremowość, długo utrzymujący się, przyjemny posmak i delikatne nuty suszonych owoców i przypraw - to znajdziesz w filiżance. Świetnie sprawdzi się zarówno w przypadku kaw czarnych, jak i tych z dodatkiem mleka.",75/25,None,1000.0,59.0
62,https://www.coffeedesk.pl/product/2354/Diemme-Caffe-Miscela-Aromatica-500G,35.0,500 g,,espresso,dark,beans,"Aromatica to mieszanka arabiki i robusty dla miłośników wyraźnych smaków. Pełne body, wysoka kremowość, długo utrzymujący się, przyjemny posmak i delikatne nuty suszonych owoców i przypraw - to znajdziesz w filiżance. Świetnie sprawdzi się zarówno w przypadku kaw czarnych, jak i tych z dodatkiem mleka.",75/25,None,500.0,70.0
63,https://www.coffeedesk.pl/product/2352/Diemme-Caffe-Miscela-Bar-Prestigio-1Kg,110.0,1 kg,,espresso,dark,beans,"Prestigio to propozycja dla miłośników włoskich kaw, ceniących wyrazisty charakter, przy zachowaniu zbalansowanego smaku. Z jednej strony łagodna, z drugiej niezwykle aromatyczna, o czekoladowych nutach. Dzięki niewielkiej zawartości robusty przygotowany z niej napar jest wyjątkowo kremowy.",90/10,None,1000.0,110.0
64,https://www.coffeedesk.pl/product/2356/Diemme-Caffe-Miscela-Blu-Moka-250G,19.0,250 g,,espresso,dark,ground,"Kremowa i intensywna w smaku stuprocentowa mieszanka arabiki. Charakterem przypomina Diemme Miscela Oro, jednak znajdziesz w niej mniej kwiatowych nut i bardziej podkreślony, tradycyjny smak. Jest to mielona kawa, która sprawdzi się pod espresso lub w kawiarce.",100% Arabica,None,250.0,76.0
65,https://www.coffeedesk.pl/product/14361/Diemme-Caffe-Miscela-Blu-Super-200G,25.0,200 g,,espresso,dark,beans,,100% Arabica,None,200.0,125.0
66,https://www.coffeedesk.pl/product/2348/Diemme-Caffe-Miscela-Oro-1Kg,114.0,1 kg,,espresso,dark,beans,"Delikatna, z klasą, kremowa - te słowa idealnie opisują tę mieszankę arabiki z różnych regionów świata. Świetnie zbalansowana słodycz i kwasowość, intensywny aromat oraz przyjemny, długi posmak migdałów i czekolady. Diemme Miscela Oro to idealna propozycja do każdego ekspresu. ",100% Arabica,None,1000.0,114.0
67,https://www.coffeedesk.pl/product/2349/Diemme-Caffe-Miscela-Oro-500G,59.0,500 g,,espresso,dark,beans,"Delikatna, z klasą, kremowa - te słowa idealnie opisują tę mieszankę arabiki z różnych regionów świata. Świetnie zbalansowana słodycz i kwasowość, intensywny aromat oraz przyjemny, długi posmak migdałów i czekolady. Diemme Miscela Oro to idealna propozycja do każdego ekspresu. ",100% Arabica,None,500.0,118.0
68,https://www.coffeedesk.pl/product/2644/Etno-Cafe-Abyssinian-Highland-1Kg,89.0,1 kg,,espresso,medium,beans,"Mieszanka dwóch rodzajów ziaren pochodzących z Etiopii i Kolumbii. Palona w średnim stopniu, przeznaczona do espresso - doskonale sprawdzi się w ekspresach ciśnieniowych i kawiarkach. Etiopskie ziarna zapewniają cielistość naparu i dominujący owocowo-czekoladowy aromat, a kolumbijskie nadają nutę cynamonowej pikanterii i słodycz karmelu.",100% Arabica,"Etiopia, Kolumbia",1000.0,89.0
69,https://www.coffeedesk.pl/product/2645/Etno-Cafe-Abyssinian-Highland-250G,25.0,250 g,,espresso,medium,beans,"Mieszanka dwóch rodzajów ziaren pochodzących z Etiopii i Kolumbii. Palona w średnim stopniu, przeznaczona do espresso - doskonale sprawdzi się w ekspresach ciśnieniowych i kawiarkach. Etiopskie ziarna zapewniają cielistość naparu i dominujący owocowo-czekoladowy aromat, a kolumbijskie nadają nutę cynamonowej pikanterii i słodycz karmelu.",100% Arabica,"Etiopia, Kolumbia",250.0,100.0
70,https://www.coffeedesk.pl/product/4966/Etno-Cafe-Brazil-Yellow-Bourbon-1Kg,109.0,1 kg,Pulped natural,espresso,medium,beans,"Ziarna z Brazylii, wypalane przez wrocławską palarnię Etno. Palone w średnim stopniu, sprawdzą się w espresso i ekspresach przelewowych. ",100% Arabica,Brazylia,1000.0,109.0
71,https://www.coffeedesk.pl/product/4429/Etno-Cafe-Brazil-Yellow-Bourbon-250G,32.0,250 g,Pulped natural,espresso,medium,beans,"Ziarna z Brazylii, wypalane przez wrocławską palarnię Etno. Palone w średnim stopniu, sprawdzą się w espresso i ekspresach przelewowych.",100% Arabica,Brazylia,250.0,128.0
72,https://www.coffeedesk.pl/product/4964/Etno-Cafe-Colombia-Medellin-1Kg,95.0,1 kg,Washed,espresso,medium,beans,"Kawa ziarnista z Kolumbii, wypolana przez wrocławską palarnię Etno. Palona w średnim stopniu, sprawdzi się w espresso i ekspresach przelewowych. Kawa o dominującej słodyczy - wyczujesz w niej naturalne nuty przypominające cytrusy i czekoladę deserową. Wyczuwalna wysoka kwasowość.",100% Arabica,Kolumbia,1000.0,95.0
73,https://www.coffeedesk.pl/product/4428/Etno-Cafe-Colombia-Medellin-250G,27.0,250 g,Washed,espresso,medium,beans,"Kawa ziarnista z Kolumbii, wypolana przez wrocławską palarnię Etno. Palona w średnim stopniu, sprawdzi się w espresso i ekspresach przelewowych. Kawa o dominującej słodyczy - wyczujesz w niej naturalne nuty przypominające cytrusy i czekoladę deserową. Wyczuwalna wysoka kwasowość.",100% Arabica,Kolumbia,250.0,108.0
74,https://www.coffeedesk.pl/product/2640/Etno-Cafe-Etiopia-Djimmah-1Kg,89.0,1 kg,Natural,espresso,medium,beans,"Ziarna pochodzące z Etiopii, z leśnych terenów o wysokim stopniu zacienienia. Kawa wypalana w średnim stopniu, idealna do ekspresów kolbowych, automatycznych oraz kawiarek. W smaku wyczuwalne przede wszystkim nuty przypominające fermentowany kompot oraz czkoladowo-żywiczne.",100% Arabica,Etiopia,1000.0,89.0
75,https://www.coffeedesk.pl/product/2641/Etno-Cafe-Etiopia-Djimmah-250G,25.0,250 g,Natural,espresso,medium,beans,"Ziarna pochodzące z Etiopii, z leśnych terenów o wysokim stopniu zacienienia. Kawa wypalana w średnim stopniu, idealna do ekspresów kolbowych, automatycznych oraz kawiarek. W smaku wyczuwalne przede wszystkim nuty przypominające fermentowany kompot oraz czkoladowo-żywiczne.",100% Arabica,Etiopia,250.0,100.0
76,https://www.coffeedesk.pl/product/2642/Etno-Cafe-Etiopia-Yirgacheffe-1Kg,120.0,1 kg,Washed,espresso,medium,beans,"Kawa pochodzące z Etiopii, rosnąca wysoko i trudna w uprawie. Wyczujesz w niej intensywne nuty czarnych porzeczek i migdałów. Ziarna wypalane w średnim stopniu, idealne do ekspresów kolbowych, automatycznych oraz kawiarek.",100% Arabica,Etiopia,1000.0,120.0
77,https://www.coffeedesk.pl/product/2643/Etno-Cafe-Etiopia-Yirgacheffe-250G,35.0,250 g,Washed,espresso,medium,beans,"Kawa pochodzące z Etiopii, rosnąca wysoko i trudna w uprawie. Wyczujesz w niej intensywne nuty czarnych porzeczek i migdałów. Ziarna wypalane w średnim stopniu, idealne do ekspresów kolbowych, automatycznych oraz kawiarek.",100% Arabica,Etiopia,250.0,140.0
78,https://www.coffeedesk.pl/product/5852/Etno-Cafe-Fusion-1Kg,120.0,1 kg,Natural,espresso,medium,beans,"Mieszanka kaw z  Afryki i Ameryki Południowej. Owocowość etiopskich ziaren łączy się ze słodyczą brazylijskiego Santosa. Dominują nuty migdałów i czarnej porzeczki. Ziarna wypalane są w średnim stopniu, idealne do ekspresów kolbowych, automatycznych oraz kawiarek.",100% Arabica,"Etiopia, Brazylia",1000.0,120.0
79,https://www.coffeedesk.pl/product/3525/Etno-Cafe-Fusion-250G,35.0,250 g,Natural,espresso,medium,beans,"Mieszanka kaw z  Afryki i Ameryki Południowej. Owocowość etiopskich ziaren łączy się ze słodyczą brazylijskiego Santosa. Dominują nuty migdałów i czarnej porzeczki. Ziarna wypalane są w średnim stopniu, idealne do ekspresów kolbowych, automatycznych oraz kawiarek.",100% Arabica,"Etiopia, Brazylia",250.0,140.0
80,https://www.coffeedesk.pl/product/2646/Etno-Cafe-Intercontinental-1Kg,95.0,1 kg,Natural,espresso,medium,beans,"Mieszanka kaw z  Afryki i Ameryki Południowej. Owocowość etiopskich ziaren łączy się ze słodyczą brazylijskiego Santosa i ziaren z Kolumbii. Dominują nuty orzechowe i czekoladowe. Ziarna wypalane są w średnim stopniu, idealne do ekspresów kolbowych, automatycznych oraz kawiarek.",100% Arabica,"Etiopia, Brazylia, Kolumbia",1000.0,95.0
81,https://www.coffeedesk.pl/product/3222/Etno-Cafe-Intercontinental-250G,27.0,250 g,Natural,espresso,medium,beans,"Mieszanka kaw z  Afryki i Ameryki Południowej. Owocowość etiopskich ziaren łączy się ze słodyczą brazylijskiego Santosa i ziaren z Kolumbii. Dominują nuty orzechowe i czekoladowe. Ziarna wypalane są w średnim stopniu, idealne do ekspresów kolbowych, automatycznych oraz kawiarek.",100% Arabica,"Etiopia, Brazylia",250.0,108.0
82,https://www.coffeedesk.pl/product/4084/Etno-Cafe-Italian-Roast-1Kg,95.0,1 kg,Natural,espresso,dark,beans,"Mieszanka kaw z  Afryki i Ameryki Południowej. Owocowość etiopskich ziaren łączy się ze słodyczą brazylijskiego Santosa i ziaren z Kolumbii. Dominują nuty orzechowe i czekoladowe. Ziarna wypalane są w ciemnym stopniu, idealne do ekspresów kolbowych, automatycznych oraz kawiarek.",100% Arabica,"Etiopia, Brazylia, Kolumbia",1000.0,95.0
83,https://www.coffeedesk.pl/product/4083/Etno-Cafe-Italian-Roast-250G,27.0,250 g,Natural,espresso,dark,beans,"Mieszanka kaw z  Afryki i Ameryki Południowej. Owocowość etiopskich ziaren łączy się ze słodyczą brazylijskiego Santosa i ziaren z Kolumbii. Dominują nuty orzechowe i czekoladowe. Ziarna wypalane są w ciemnym stopniu, idealne do ekspresów kolbowych, automatycznych oraz kawiarek.",100% Arabica,"Etiopia, Brazylia, Kolumbia",250.0,108.0
85,https://www.coffeedesk.pl/product/17749/Etno-Cafe-Intercontinental-250G-Outlet,21.6,250 g,Natural,espresso,medium,beans,"Mieszanka kaw z  Afryki i Ameryki Południowej. Owocowość etiopskich ziaren łączy się ze słodyczą brazylijskiego Santosa i ziaren z Kolumbii. Dominują nuty orzechowe i czekoladowe. Ziarna wypalane są w średnim stopniu, idealne do ekspresów kolbowych, automatycznych oraz kawiarek.",100% Arabica,"Etiopia, Brazylia",250.0,86.4
86,https://www.coffeedesk.pl/product/4962/Five-Elephant-El-Salvador-Finca-El-Majahual-Orange-Bourbon-Filter,57.0,250 g,Washed,Drip (Metody alternatywne),light,beans,"Kawa ziarnista jakości speciality pochodząca z Salwadoru, wypalona w berlińskiej palarni Five Elephant. Palona jasno, idealna do ekspresu przelewowego, dripa, Chemexa, AeroPressa, French Pressa, oraz innych alternatywnych metod parzenia. W jej smaku można odnaleźć nuty truskawki, bułeczek cynamonowych i herbaty oolong.",100% Arabica,Salwador,250.0,228.0
87,https://www.coffeedesk.pl/product/16365/Five-Elephant-House-Blend-Espresso-1Kg,159.0,1 kg,,espresso,medium,beans,"Mieszanka kaw ziarnistych jakości speciality wypalona w berlińskiej palarni Five Elephant. Palona w średnim stopniu, przeznaczona do espresso - sprawdzi się w ekspresach ciśnieniowych i kawiarkach. W smaku wyczuwalne są nuty czekolady, orzechów oraz karmelu, z niską kwasowością.

House Blend to z założenia kawa o klasycznym smaku, która jest łatwa do zaparzenia i oferuje wysoką jakość. Pochodzi z plantacji, które od wielu lat współpracują z palarnią Five Elephant. Kawa smakuje doskonale bez dodatków, jednak świetnie komponuje się także z mlekiem.",100% Arabica,None,1000.0,159.0
88,https://www.coffeedesk.pl/product/2197/Gardelli-Specialty-Coffees-Cignobianco-Espresso-Blend-1Kg,149.0,1 kg,,espresso,dark,beans,"Cignobianco to interpretacja idealnego espresso według Rubensa Gardelliego, Mistrza Świata w wypalaniu kawy z 2017 roku. Palona w ciemnym stopniu, sprawdzi się idealnie w ekspresach ciśnieniowych i kawiarkach.

 ",100% Arabica,"Brazylia, Etiopia",1000.0,149.0
89,https://www.coffeedesk.pl/product/1696/Gardelli-Specialty-Coffees-Cignobianco-Espresso-Blend-250G,39.0,250 g,,espresso,dark,beans,"Cignobianco to interpretacja idealnego espresso według Rubensa Gardelliego, Mistrza Świata w wypalaniu kawy z 2017 roku. Palona w ciemnym stopniu, sprawdzi się idealnie w ekspresach ciśnieniowych i kawiarkach.",100% Arabica,"Brazylia, Etiopia",250.0,156.0
90,https://www.coffeedesk.pl/product/11019/Hard-Beans-Brazylia-Samambaia-Espresso-1Kg,125.0,1 kg,Pulped natural,espresso,medium,beans,"Kawa ziarnista jakości speciality z Brazylii, wypalona przez Hard Beans. Palona w średnim stopniu, sprawdzi się w ekspresach ciśnieniowych i kawiarkach.

W filiżance można oczekiwać nut nugatu, orzechów oraz czerwonych jabłek. Doskonała jako kawa czarna, jednak sprawdzi się również w połączeniu z mlekiem.",100% Arabica,Brazylia,1000.0,125.0
91,https://www.coffeedesk.pl/product/10767/Hard-Beans-Brazylia-Samambaia-Espresso-250G-Kawa-Ziarnista,39.0,250 g,Pulped natural,espresso,medium,beans,"Kawa ziarnista jakości speciality z Brazylii, wypalona przez Hard Beans. Palona w średnim stopniu, sprawdzi się w ekspresach ciśnieniowych i kawiarkach.

W filiżance można oczekiwać nut nugatu, orzechów oraz czerwonych jabłek. Doskonała jako kawa czarna, jednak sprawdzi się również w połączeniu z mlekiem.",100% Arabica,Brazylia,250.0,156.0
92,https://www.coffeedesk.pl/product/11906/Hard-Beans-Brazylia-Samambaia-Yellow-Bourbon-Espresso-Kawa-Mielona,39.0,250 g,Natural,espresso,medium,ground,"Mielona kawa jakości speciality pochodząca z Brazylii, wypalana przez polską palarnię Hard Beans. Palona w średnim stopniu, sprawdzi się w ekspresach ciśnieniowych i kawiarkach, a dla miłośników tradycji również jako klasyczna zalewajka. 

W smaku kawy pojawiają się naturalne nuty zbliżone do krówki, ciasteczek orzechowych oraz czerwonych jabłek.. Doskonała jako kawa czarna, jednak sprawdzi się również w połączeniu z mlekiem.",100% Arabica,Brazylia,250.0,156.0
93,https://www.coffeedesk.pl/product/11870/Hard-Beans-Polska-Parzucha-Kawa-Mielona,24.0,250 g,,"drip, espresso",medium,ground,"Kawa mielona, klasyk gatunku, powrót do narodowych korzeni - wyrafinowana kawa dedykowana zagorzałym entuzjastom konwencjonalnych smaków.

Starannie wyselekcjonowana mieszanka arabik pochodzących z Ameryki Środkowej i Południowej zadowoli nawet najbardziej wymagające podniebienia. Mielona w średnim stopniu, sprawdzi się jako klasyczna parzucha, uda się ją zaparzyć w dripie, da radę także w kawiarce.

Połączenie niebanalnej słodyczy czekolady i orzechów włoskich oraz nadzwyczajnej cielistości, dopełnione subtelnym muśnięciem kwasowości to cechy, które wyróżniają ją na tle kawowej przeciętności. Znakomity wybór dla kawowych tradycjonalistów.",100% Arabica,None,250.0,96.0
94,https://www.coffeedesk.pl/product/11944/Hard-Beans-Polska-Parzucha-Kawa-Ziarnista-250G,24.0,250 g,,"drip, espresso",medium,beans,"Kawa ziarnista, klasyk gatunku, powrót do narodowych korzeni - wyrafinowana kawa dedykowana zagorzałym entuzjastom konwencjonalnych smaków.

Starannie wyselekcjonowana mieszanka arabik pochodzących z Ameryki Środkowej i Południowej zadowoli nawet najbardziej wymagające podniebienia. Palona w średnim stopniu, sprawdzi się jako klasyczna parzucha, uda się ją zaparzyć w dripie, wszelkich akcesoriach przelewowych, french pressie, a także da radę w kawiarce.

Połączenie niebanalnej słodyczy czekolady i orzechów włoskich oraz nadzwyczajnej cielistości, dopełnione subtelnym muśnięciem kwasowości to cechy, które wyróżniają ją na tle kawowej przeciętności. Znakomity wybór dla kawowych tradycjonalistów.",100% Arabica,None,250.0,96.0
95,https://www.coffeedesk.pl/product/17358/Hard-Beans-X-Coffeedesk-Brazylia-Campo-Das-Vertentes-Espresso-1Kg,99.0,1 kg,Natural,espresso,medium,beans,"Kawa ziarnista jakości speciality z Brazylii, wypalona w opolskiej palarni Hard Beans jako projekt przygotowany we współpracy z Coffeedesk.

Kawa palona w średnim stopniu, przeznaczona do espresso - doskonale sprawdzi się w ekspresach ciśnieniowych i kawiarkach. W kawie dominuje słodycz, szczególnie zbliżona do suszonych fig, orzechów i nugatu.
 ",100% Arabica,Brazylia,1000.0,99.0
96,https://www.coffeedesk.pl/product/17357/Hard-Beans-X-Coffeedesk-Brazylia-Campo-Das-Vertentes-Espresso-250G,28.0,250 g,Natural,espresso,medium,beans,"Kawa ziarnista jakości speciality z Brazylii, wypalona w opolskiej palarni Hard Beans jako projekt przygotowany we współpracy z Coffeedesk.

Kawa palona w średnim stopniu, przeznaczona do espresso - doskonale sprawdzi się w ekspresach ciśnieniowych i kawiarkach. W kawie dominuje słodycz, szczególnie zbliżona do suszonych fig, orzechów i nugatu.
 ",100% Arabica,Brazylia,250.0,112.0
97,https://www.coffeedesk.pl/product/6169/Hayb-Black-Republic-1Kg,87.99,1 kg,,espresso,dark,beans,"Mieszanka wysokiej jakości ziarna arabiki oraz indyjskiej robusty, wypalana w warszawskiej HAYB. Palona w ciemnym stopniu - we Włoskim stylu, sprawdzi się pod espresso i do kawiarek. Po zaparzeniu jest gęsta i kremowa, o nutach gorzkiej czekolady, orzechów laskowych oraz o niskiej kwasowości.",80/20,"Brazylia, Indie",1000.0,87.99
98,https://www.coffeedesk.pl/product/6168/Hayb-Black-Republic-250G,24.0,250 g,,espresso,dark,beans,"Mieszanka wysokiej jakości ziarna arabiki oraz indyjskiej robusty, wypalana w warszawskiej HAYB. Palona w ciemnym stopniu - we Włoskim stylu, sprawdzi się pod espresso i do kawiarek. Po zaparzeniu jest gęsta i kremowa, o nutach gorzkiej czekolady, orzechów laskowych oraz o niskiej kwasowości.",80/20,"Brazylia, Indie",250.0,96.0
99,https://www.coffeedesk.pl/product/6167/Hayb-Black-Republic-500G,46.0,500 g,,espresso,dark,beans,"Mieszanka wysokiej jakości ziarna arabiki oraz indyjskiej robusty, wypalana w warszawskiej HAYB. Palona w ciemnym stopniu - we Włoskim stylu, sprawdzi się pod espresso i do kawiarek. Po zaparzeniu jest gęsta i kremowa, o nutach gorzkiej czekolady, orzechów laskowych oraz o niskiej kwasowości.",80/20,"Brazylia, Indie",500.0,92.0
100,https://www.coffeedesk.pl/product/4103/Hayb-Blue-Republic-1Kg,119.0,1 kg,,espresso,medium,beans,"Espresso nie musi być zawsze takie samo. Wystarczy do dobrze znanych i lubianych ziaren z Brazylii dodać kilka innych składników, w tym przypadku ziarna z Gwatemali i Etiopii i otrzymujemy podkręconą klasykę - pełną słodyczy mlecznej czekolady i marcepanu wraz z kwasowością borówki.",100% Arabica,"Brazylia, Gwatemala, Etiopia",1000.0,119.0
101,https://www.coffeedesk.pl/product/4097/Hayb-Blue-Republic-250G,32.0,250 g,,espresso,medium,beans,"Espresso nie musi być zawsze takie samo. Wystarczy do dobrze znanych i lubianych ziaren z Brazylii dodać kilka innych składników, w tym przypadku ziarna z Gwatemali i Etiopii i otrzymujemy podkręconą klasykę - pełną słodyczy mlecznej czekolady i marcepanu wraz z kwasowością borówki.",100% Arabica,"Brazylia, Gwatemala, Etiopia",250.0,128.0
102,https://www.coffeedesk.pl/product/4102/Hayb-Blue-Republic-500G,62.0,500 g,,espresso,medium,beans,"Espresso nie musi być zawsze takie samo. Wystarczy do dobrze znanych i lubianych ziaren z Brazylii dodać kilka innych składników, w tym przypadku ziarna z Gwatemali i Etiopii i otrzymujemy podkręconą klasykę - pełną słodyczy mlecznej czekolady i marcepanu wraz z kwasowością borówki.",100% Arabica,"Brazylia, Gwatemala, Etiopia",500.0,124.0
103,https://www.coffeedesk.pl/product/11994/Hayb-Brazylia-Cerrado-Patrocinio-Espresso-1Kg,95.0,1 kg,Natural,espresso,medium,beans,"Kawa ziarnista jakości speciality pochodząca z Brazylii, wypalona w Warszawie przez HAYB. Palona w średnim stopniu, przeznaczona do espresso - sprawdzi się przede wszystkim w ekspresach ciśnieniowych i kawiarkach. W jej smaku dominuje słodycz - można tu wyczuć nuty kakao, karmelu i rodzynek. Gęsta, o wysokim body.",100% Arabica,Brazylia,1000.0,95.0
104,https://www.coffeedesk.pl/product/11993/Hayb-Brazylia-Cerrado-Patrocinio-Espresso-500G,51.0,500 g,Natural,espresso,medium,beans,"Kawa ziarnista jakości speciality pochodząca z Brazylii, wypalona w Warszawie przez HAYB. Palona w średnim stopniu, przeznaczona do espresso - sprawdzi się przede wszystkim w ekspresach ciśnieniowych i kawiarkach. W jej smaku dominuje słodycz - można tu wyczuć nuty kakao, karmelu i rodzynek. Gęsta, o wysokim body.",100% Arabica,Brazylia,500.0,102.0
105,https://www.coffeedesk.pl/product/16999/Hayb-Brazylia-Fazenda-Barinas-Natural-1Kg,129.0,1 kg,Natural,espresso,medium,beans,"Kawa ziarnista z Brazylii wypalona w palarni HAYB. Palona w średnim stopniu, świetnie sprawdzi się do ekspresu ciśnieniowego i kawiarki. W jej smaku można wyczuć wielowarstwową słodycz przypominającą mleczną czekoladę, nugat oraz kandyzowane owoce.",100% Arabica,Brazylia,1000.0,129.0
106,https://www.coffeedesk.pl/product/16998/Hayb-Brazylia-Fazenda-Barinas-Natural-250G,36.0,250 g,Natural,espresso,medium,beans,"Kawa ziarnista z Brazylii wypalona w palarni HAYB. Palona w średnim stopniu, świetnie sprawdzi się do ekspresu ciśnieniowego i kawiarki. W jej smaku można wyczuć wielowarstwową słodycz przypominającą mleczną czekoladę, nugat oraz kandyzowane owoce.",100% Arabica,Brazylia,250.0,144.0
107,https://www.coffeedesk.pl/product/11982/Hayb-Gwatemala-Huehuetenango-Washed-Espresso-500G,63.0,500 g,Washed,espresso,medium,beans,"Kawa ziarnista jakości speciality z Gwatemali wypalona przez warszawską palarnię HAYB. Palona w średnim stopniu, przeznaczona do espresso, sprawdzi się w ekspresach ciśnieniowych i kawiarkach.

W jej smaku pojawiają się nuty czekolady deserowej, czerwonych owoców i wanilii. Świetnie sprawdzi się zarówno jako czarna kawa, jak i z dodatkiem mleka.",100% Arabica,Gwatemala,500.0,126.0
108,https://www.coffeedesk.pl/product/13740/Hayb-Wtf-Etiopia-Blend-50-50-1Kg,155.0,1 kg,Washed i natural,espresso,medium,beans,"Letnia, funkowa eksplozja owoców, kwiatów i słodyczy! To mieszanka dwóch rodzajów arabiki jakości speciality z Etiopii, wypalonych przez warszawską palarnię HAYB. Kawa palona w średnim stopniu, świetnie sprawdzi się do ekspresu ciśnieniowego i kawiarki. W jej smaku można wyczuć lekkie nuty jagód i truskawek oraz czekoladową słodycz.

Idealnie sprawdzi się w klasycznym espresso, kawach mlecznych oraz w espresso tonic i espresso affogato.",100% Arabica,Etiopia,1000.0,155.0
109,https://www.coffeedesk.pl/product/13739/Hayb-Wtf-Etiopia-Blend-50-50-250G,42.0,250 g,Washed i natural,espresso,medium,beans,"Letnia, funkowa eksplozja owoców, kwiatów i słodyczy! To mieszanka dwóch rodzajów arabiki jakości speciality z Etiopii, wypalonych przez warszawską palarnię HAYB. Kawa palona w średnim stopniu, świetnie sprawdzi się do ekspresu ciśnieniowego i kawiarki. W jej smaku można wyczuć lekkie nuty jagód i truskawek oraz czekoladową słodycz.

Idealnie sprawdzi się w klasycznym espresso, kawach mlecznych oraz w espresso tonic i espresso affogato.",100% Arabica,Etiopia,250.0,168.0
110,https://www.coffeedesk.pl/product/4909/Hayb-Yellow-Republic-1Kg,117.99,1 kg,,espresso,medium,beans,"Jedna ze sztandarowych mieszanek kaw speciality wypalanych przez warszawską HAYB, palona w średnim stopniu, idealna do ekspresów ciśnieniowych i kawiarek. W paczce odnajdziesz ziarna z Brazylii i Gwatemali. W jej smaku dominuje słodycz o nutach kakao i orzechów laskowych. Świetnie sprawdzi się zarówno jako czarna kawa, jak i z dodatkiem mleka.",100% Arabica,"Brazylia, Gwatemala",1000.0,117.99
111,https://www.coffeedesk.pl/product/4911/Hayb-Yellow-Republic-250G,32.0,250 g,,espresso,medium,beans,"Jedna ze sztandarowych mieszanek kaw speciality wypalanych przez warszawską HAYB, palona w średnim stopniu, idealna do ekspresów ciśnieniowych i kawiarek. W paczce odnajdziesz ziarna z Brazylii i Gwatemali. W jej smaku dominuje słodycz o nutach kakao i orzechów laskowych. Świetnie sprawdzi się zarówno jako czarna kawa, jak i z dodatkiem mleka.",100% Arabica,"Brazylia, Gwatemala",250.0,128.0
112,https://www.coffeedesk.pl/product/4910/Hayb-Yellow-Republic-500G,60.0,500 g,,espresso,medium,beans,"Jedna ze sztandarowych mieszanek kaw speciality wypalanych przez warszawską HAYB. W paczce odnajdziesz ziarno z Brazylii (Mogiana) i z Gwatemali (El Jaguar), palone w średnim stopniu. Kawa świetnie sprawdzi się jako espresso o pełnym, kremowym body. W jej smaku dominuje słodycz o nutach kakao, orzechów laskowych oraz migdałów. Świetnie sprawdzi się zarówno jako czarna kawa, jak i z dodatkiem mleka.",100% Arabica,"Brazylia, Gwatemala",500.0,120.0
113,https://www.coffeedesk.pl/product/17125/Heresy-Boliwia-Caranavi-Los-Rodriguez-Honey-252G,79.0,252 g,Honey,Drip (Metody alternatywne),light,beans,,100% Arabica,Boliwia,252.0,313.4920634920635
114,https://www.coffeedesk.pl/product/17029/Heresy-Gwatemala-Huehuetenango-La-Maravilla-Espresso-252G,57.0,252 g,Washed,espresso,medium,beans,,100% Arabica,Gwatemala,252.0,226.1904761904762
115,https://www.coffeedesk.pl/product/16823/Heresy-Honduras-Santa-Barbara-Miraflores-252G,66.0,252 g,Honey,Drip (Metody alternatywne),light,beans,,100% Arabica,Honduras,252.0,261.9047619047619
116,https://www.coffeedesk.pl/product/1684/Illy-Arabica-Selection-Brazylia,29.0,250 g,,espresso,dark,beans,"Illy Arabica Selection to nowa linia ziarnistycz kaw jednorodnych (single origin) z palarni Illy. Ziarno jest palone w ciemnym stopniu, przeznaczone do parzenia jako espresso.",100% Arabica,Brazylia,250.0,116.0
117,https://www.coffeedesk.pl/product/11326/Illy-Arabica-Selection-Colombia,34.99,250 g,,espresso,dark,beans,"Illy Arabica Selection to nowa linia ziarnistych kaw jednorodnych (single origin) z palarni Illy. Ziarno jest palone w ciemnym stopniu, przeznaczone do parzenia jako espresso - sprawdzi się w ekspresach ciśnieniowych i kawiarkach.

Kawę z Kolumbii charakteryzuje zbalansowany, delikatny smak z wyczuwalnymi nutami owoców cytrusowych.",100% Arabica,Kolumbia,250.0,139.96
118,https://www.coffeedesk.pl/product/1683/Illy-Arabica-Selection-Ethiopia,29.9,250 g,,espresso,dark,beans,"Illy Arabica Selection to nowa linia kaw single origin z palarni Illy. Ziarna z Etiopii charakteryzuje łagodna kwaskowatość i delikatny kwiatowy, jaśminowy aromat.",100% Arabica,Etiopia,250.0,119.6
119,https://www.coffeedesk.pl/product/1682/Illy-Arabica-Selection-Guatemala,29.9,250 g,,espresso,dark,beans,"Illy Arabica Selection to nowa linia kaw single origin z palarni Illy. Ziarna z Gwatemali charakteryzuje kompleksowy smak o delikatnych nutach karmelu, czekolady i miodu.",100% Arabica,Gwatemala,250.0,119.6
240,https://www.coffeedesk.pl/product/263/Illy-Classico-Classic-Roast-Kawa-Mielona,28.9,250 g,,espresso,dark,ground,"Wyśmienite espresso, z gęstą cremą o zabarwieniu orzechów laskowych. Jasnobrązowa warstwa na górze - jak malowana przez tygrysie paski w  kolorze brązu. ",100% Arabica,None,250.0,115.6
241,https://www.coffeedesk.pl/product/445/Illy-Classico-Moka-Pot-Kawa-Mielona,28.9,250 g,,espresso,dark,ground,"Bardzo aromatyczna z wyraźnym i smacznym body, taka jest Illy Moka, stworzona i zmielona specjalnie do parzenia w tradycyjnych kawiarkach.",100% Arabica,None,250.0,115.6
242,https://www.coffeedesk.pl/product/264/Illy-Decaf-Kawa-Mielona-Bezkofeinowa,29.9,250 g,,espresso,dark,ground,,100% Arabica,None,250.0,119.6
243,https://www.coffeedesk.pl/product/550/Illy-Decaf-Kawa-Ziarnista-Bezkofeinowa,29.9,250 g,,espresso,dark,beans,,100% Arabica,None,250.0,119.6
244,https://www.coffeedesk.pl/product/291/Illy-Intenso-Bold-Roast-Kawa-Mielona,29.9,250 g,,espresso,dark,ground,"Ciemno palone, bogate i energetyczne espresso, które od razu przechodzi do rzeczy. Wyraźny, bogaty i głęboki smak. Filiżanka espresso o czekoladowym aromacie, z domieszką karmelu.",100% Arabica,None,250.0,119.6
245,https://www.coffeedesk.pl/product/290/Illy-Intenso-Bold-Roast-Kawa-Ziarnista,28.9,250 g,,espresso,dark,beans,"Ciemno palone, bogate i energiczne espresso,  które od razu przechodzi do rzeczy. Wyraźny, intensywny i głęboki smak. Filiżanka espresso o czekoladowym aromacie, z domieszką karmelu w smaku .",100% Arabica,None,250.0,115.6
246,https://www.coffeedesk.pl/product/27/Izzo-Silver-Puszka-250G,27.9,250 g,,espresso,dark,beans,"Mieszanka starannie wyselekcjonowanych ziaren Arabiki, z nieznaczną domieszką Robusty. Espresso przygotowane na jej bazie jest bardzo aromatyczne, a jednocześnie słodkawe. W smaku można wyczuć wyraźną nutkę czekolady.
 ",92/8,None,250.0,111.6
247,https://www.coffeedesk.pl/product/25/Izzo-Silver-1Kg,89.0,1 kg,,espresso,dark,beans,"Mieszanka starannie wyselekcjonowanych ziaren Arabiki, z nieznaczną domieszką Robusty. Espresso przygotowane na jej bazie jest bardzo aromatyczne, a jednocześnie słodkawe. W smaku można wyczuć wyraźną nutkę czekolady.
 ",92/8,None,1000.0,89.0
248,https://www.coffeedesk.pl/product/17465/Johan-And-Nystrom-Brazil-Fortaleza-Drip-Kit-8-Saszetek,64.0,8 x 11g,Natural,Drip (Metody alternatywne),medium,ground,"Drip Kit to zmielona kawa jakości speciality w saszetce, wypalona w szwedzkiej palarni Johan & Nyström. Każda saszetka zawiera papierowy filtr z 11 gramami jasno wypalonej, odpowiednio zmielonej kawy. Pozwala to przygotować pojedynczą porcję 185 ml naparu - wystarczy gorąca woda i kubek. Pyszna kawa w każdych warunkach, w podróży i w domu - szybko, łatwo i bez specjalnego sprzętu. Opakowanie zawiera 8 saszetek.

Brazylia Fortaleza jest doskonale zbalansowana, o naturalnych nutach czekolady, orzechów laskowych i wiśni - propozycja skierowana do tych, którzy w kawie poszukują naturalnej słodyczy.",100% Arabica,Brazylia,88.0,727.2727272727273
249,https://www.coffeedesk.pl/product/17467/Johan-And-Nystrom-Burundi-Gaharo-4,75.0,250 g,Natural,Drip (Metody alternatywne),light,beans,"Kawa ziarnista jakości speciality pochodząca z Burundi, wypalona w szwedzkiej palarni Johan & Nyström. Palona w jasnym stopniu, sprawdzi się zarówno do ekspresu ciśnieniowego oraz kawiarki, jak i do ekspresu przelewowego, dripa, Chemexa, AeroPressa, French Pressa i innych alternatywnych metod parzenia. W jej smaku wyczuwalne są nuty soczystej truskawki, słodycz brązowego cukru i kwasowość rabarbaru.
 ",100% Arabica,Burundi,250.0,300.0
250,https://www.coffeedesk.pl/product/16662/Johan-And-Nystrom-Burundi-Gitwe-Farm,63.0,250 g,Washed,Drip (Metody alternatywne),light,beans,"Kawa ziarnista jakości speciality pochodząca z Burundi, wypalona w szwedzkiej palarni Johan & Nystrom. Palona w jasnym stopniu, sprawdzi się zarówno do ekspresu ciśnieniowego oraz kawiarki, jak i do ekspresu przelewowego, dripa, Chemexa, AeroPressa, French Pressa i innych alternatywnych metod parzenia. W jej smaku wyczuwalne są nuty brzoskwini, czarnej porzeczki oraz zielonej herbaty.
 ",100% Arabica,Burundi,250.0,252.0
251,https://www.coffeedesk.pl/product/17466/Johan-And-Nystrom-Ethiopia-Guji-Drip-Kit-8-Saszetek,64.0,8 x 11g,Natural,Drip (Metody alternatywne),light,ground,"Drip Kit to zmielona kawa jakości speciality w saszetce, wypalona w szwedzkiej palarni Johan & Nyström. Każda saszetka zawiera papierowy filtr z 11 gramami jasno wypalonej, odpowiednio zmielonej kawy. Pozwala to przygotować pojedynczą porcję 185 ml naparu - wystarczy gorąca woda i kubek. Pyszna kawa w każdych warunkach, w podróży i w domu - szybko, łatwo i bez specjalnego sprzętu. Opakowanie zawiera 8 saszetek.

Etiopia Guji to jeden z największych klasyków palarni J&N. Kawa jest soczysta, mocno owocowa, pojawiają się nuty truskawki, delikatna słodycz kakao i aromat wanilii.",100% Arabica,Etiopia,88.0,727.2727272727273
252,https://www.coffeedesk.pl/product/1551/Johan-And-Nystrom-Fika,55.0,500 g,,"drip, espresso",medium,beans,"Fika to ważny element szwedzkiej kultury, oznaczający przerwę na kawę lub herbatę. W tym przypadku jest to także kawa, która została stworzona aby kultywować tę tradycję. 

Jest to kawa o pełnym body, idealnie zbalansowana, z delikatnymi nutami kakao. Zrób sobie przerwę na kawę!",100% Arabica,None,500.0,110.0
253,https://www.coffeedesk.pl/product/17464/Johan-And-Nystrom-Guatemala-Santa-Isabel-Drip-Kit-8-Saszetek,64.0,8 x 11g,Washed,Drip (Metody alternatywne),light,ground,"Drip Kit to zmielona kawa jakości speciality w saszetce, wypalona w szwedzkiej palarni Johan & Nyström. Każda saszetka zawiera papierowy filtr z 11 gramami jasno wypalonej, odpowiednio zmielonej kawy. Pozwala to przygotować pojedynczą porcję 185 ml naparu - wystarczy gorąca woda i kubek. Pyszna kawa w każdych warunkach, w podróży i w domu - szybko, łatwo i bez specjalnego sprzętu. Opakowanie zawiera 8 saszetek.

Gwatemala Santa Isabel to kawa, w której smaku pojawia się łagodna kwasowość zielonych jablek i czerwonych porzeczek, zbalansowana słodyczą karmelu.",100% Arabica,Gwatemala,88.0,727.2727272727273
254,https://www.coffeedesk.pl/product/637/Kawa-Lucaffe-Exquisit,95.9,1 kg,,espresso,dark,beans,"To mieszanka wysokiej jakości ziaren Arabiki 90%, z domieszką ziaren Robusty 10%. Kawa Lucaffe o zdecydowanym i intensywnym smaku, z wyczuwalną nutką czekolady.",90/10,None,1000.0,95.9
255,https://www.coffeedesk.pl/product/597/Kimbo-Aroma-Gold-Mielona-Puszka-250G,19.9,250 g,,espresso,dark,ground,"Kimbo Aroma Gold to 50-letnia tradycja, połączona z pasją i wysoką jakością smaku. To lider na włsokim rynku i symbol prawdziwego włoskiego espresso. ",100% Arabica,None,250.0,79.6
256,https://www.coffeedesk.pl/product/434/Kimbo-Aroma-Gold-Mielona-250G,17.89,250 g,,espresso,dark,ground,Kimbo Aroma Gold to mieszanka najlepszych ziaren poddanych specjalnemu i precyzyjnemu wypaleniu.,100% Arabica,None,250.0,71.56
257,https://www.coffeedesk.pl/product/2384/Kimbo-Aroma-Gold-Ziarnista-1Kg,64.9,1 kg,,espresso,dark,beans,Kimbo Aroma Gold to włoska mieszanka ziaren arabiki. Ciemne palenie i idealny balans to idealna propozycja dla każdego fana prawdziwej włoskiej kawy.,100% Arabica,None,1000.0,64.9
258,https://www.coffeedesk.pl/product/435/Kimbo-Aroma-Gold-Ziarnista-250G,17.9,250 g,,espresso,dark,beans,Kimbo Aroma Gold to mieszanka najlepszych ziaren. Poddane zostały precyzyjnemu wypaleniu dla idealnego balansu.,100% Arabica,None,250.0,71.6
259,https://www.coffeedesk.pl/product/429/Kimbo-Aroma-Intenso-Mielona-250G,14.9,250 g,,espresso,dark,ground,"Kawa idealna do espresso, palona ze świeżych ziaren dla Twojego komfortu i przyjemności picia kawy.",50/50,None,250.0,59.6
260,https://www.coffeedesk.pl/product/2387/Kimbo-Aroma-Intenso-Ziarnista-1Kg,54.9,1 kg,,espresso,dark,beans,"Mieszanka o intensywnym smaku i aromacie, idealna do espresso. Świetna propozycja dla miłośników włoskiego palenia kawy. Spory dodatek robusty zapewnie ogromną porcję energii.",50/50,None,1000.0,54.9
261,https://www.coffeedesk.pl/product/431/Kimbo-Aroma-Intenso-Ziarnista-250G,14.9,250 g,,espresso,dark,beans,"Kawa idealna do espresso, palona ze świeżych ziaren dla Twojego komfortu i przyjemności picia kawy.",50/50,None,250.0,59.6
262,https://www.coffeedesk.pl/product/432/Kimbo-Espresso-Napoletano-Mielona,15.9,250 g,,espresso,dark,ground,,80/20,None,250.0,63.6
263,https://www.coffeedesk.pl/product/2385/Kimbo-Espresso-Napoletano-Ziarnista-1Kg,64.9,1 kg,,espresso,dark,beans,To jedna z najbardziej popularnych kaw marki Kimbo - doskonała mieszanka ziaren arabiki i robusty (80/20). Charakteryzuje się intensywnym smakiem oraz bogatym aromatem kaw z Neapolu.,80/20,None,1000.0,64.9
264,https://www.coffeedesk.pl/product/433/Kimbo-Espresso-Napoletano-Ziarnista-250G,16.89,250 g,,espresso,dark,beans,"To jedna z najbardziej popularnych kaw marki Kimbo, jest doskonałą mieszanką ziaren arabiki i robusty.",80/20,None,250.0,67.56
265,https://www.coffeedesk.pl/product/357/Kimbo-Extra-Cream,39.0,1 kg,,espresso,dark,beans,Rewelacyjna mieszanka starannie wyselekcjonowanych odmian południowo-amerykańskiej Arabiki i najlepszych odmian Robusty.,50/50,None,1000.0,39.0
266,https://www.coffeedesk.pl/product/358/Kimbo-Extreme,69.9,1 kg,,espresso,dark,beans,"Pyszna mieszanka najlepszych jakościowo ziaren stworzona z górskich odmian Arabiki z plantacji w Ameryce Środkowej i Południowej,",100% Arabica,None,1000.0,69.9
267,https://www.coffeedesk.pl/product/361/Kimbo-Superior-Blend,69.9,1 kg,,espresso,dark,beans,Kimbo Superior Blend jest wyśmienitą mieszanką starannie dobranych ziaren arabiki z Ameryki Łacińskiej i wysokiej jakości ziaren robusty.,70/30,None,1000.0,69.9
268,https://www.coffeedesk.pl/product/154/La-Brasiliana-Marfisa,77.0,1 kg,,espresso,dark,beans,"Mieszanka arabik z Ameryki Środkowej, niewielką domieszką robusty. Słodki zapach i smak, delikatny aromat. ",90/10,None,1000.0,77.0
269,https://www.coffeedesk.pl/product/16632/Lacava-Etiopia-Yirgacheffe-Rocko-Mountain-Espresso-1Kg,159.0,1 kg,Natural,espresso,medium,beans,"Kawa ziarnista jakości speciality z Etiopii wypalone w palarni LaCava. Palona w średnim stopniu, świetnie sprawdzi się do ekspresu ciśnieniowego i kawiarki. W jej smaku można wyczuć nuty moreli, brzoskwini, truskawki, jagody leśnej i batonika Milky Way. Owocowe body i soczysta kwasowość!",100% Arabica,Etiopia,1000.0,159.0
270,https://www.coffeedesk.pl/product/16631/Lacava-Etiopia-Yirgacheffe-Rocko-Mountain-Espresso-250G,49.0,250 g,Natural,espresso,medium,beans,"Kawa ziarnista jakości speciality z Etiopii wypalone w palarni LaCava. Palona w średnim stopniu, świetnie sprawdzi się do ekspresu ciśnieniowego i kawiarki. W jej smaku można wyczuć nuty moreli, brzoskwini, truskawki, jagody leśnej i batonika Milky Way. Owocowe body i soczysta kwasowość!",100% Arabica,Etiopia,250.0,196.0
271,https://www.coffeedesk.pl/product/12434/Lavazza-Aroma-Piu--Expert-Plus-Kawa-Ziarnista-1Kg,69.0,1 kg,,espresso,medium,beans,"Lavazza Aroma Piu' EXPERT PLUS to kawa ziarnista o ciemnym profilu palenia. Mieszanka składa się w 100% z wyselekcjonowanych ziaren Arabiki pochodzących z Ameryki Południowej oraz Azji. Przyjemny smak suszonych owoców, migdałów oraz miodu długo utrzymuje się w ustach.",100% Arabica,None,1000.0,69.0
272,https://www.coffeedesk.pl/product/12369/Lavazza-Caffe-Espresso-Barista-Gran-Crema-Kawa-Ziarnista-1Kg,61.9,1 kg,,espresso,medium,beans,,None,None,1000.0,61.9
273,https://www.coffeedesk.pl/product/12368/Lavazza-Caffe-Espresso-Barista-Perfetto-Kawa-Ziarnista-1Kg,61.9,1 kg,,espresso,medium,beans,,100% Arabica,None,1000.0,61.9
274,https://www.coffeedesk.pl/product/12367/Lavazza-Caffe-Espresso-Cremoso-Kawa-Ziarnista-1Kg,61.9,1 kg,,espresso,medium,beans,Lavazza Caffe Espresso Cremoso to kawa ziarnista o ciemnym profilu palenia. Mieszanka składa się z wyselekcjonowanych ziaren Robusty i Arabiki pochodzących z Ameryki Południowej oraz Azji Południowo-Wschodniej. W filiżance można odnaleźć delikatny czekoladowy smak.,None,None,1000.0,61.9
275,https://www.coffeedesk.pl/product/12366/Lavazza-Caffe-Espresso-Italiano-Aromatico-Kawa-Ziarnista-1Kg,61.9,1 kg,,espresso,medium,beans,"Lavazza Espresso Aromatico to kawa ziarnista o ciemnym profilu palenia. Włoska mieszanka aromatycznych i bogatych w smaku odmian Arabiki i Robusty, pochodzących z Ameryki Południowej, Afryki oraz Azji Południowo-Wschodniej. Przyjemny smak czekolady i suszonych owoców długo utrzymuje się w ustach.

Ze względu na stopień palenia, kawa jest polecana szczególnie do espresso - sprawdzi się do ekspresów ciśnieniowych i kawiarek. Doskonała jako kawa czarna lub z dodatkiem mleka.",None,None,1000.0,61.9
276,https://www.coffeedesk.pl/product/8511/Lavazza-Caffe-Espresso-Italiano-Classico-Kawa-Ziarnista-1Kg,64.9,1 kg,,espresso,medium,beans,"Lavazza Caffe Espresso to kawa ziarnista o ciemnym profilu palenia. Mieszanka składa się 100% z wyselekcjonowanych ziaren Arabiki z palantacji Ameryki Środkowej. Kawa o intensywnym smaku, o wyczuwalnej słodyczy czekolady, wraz z delikatnymi nutami kwiatowymi i owocowymi.

Ze względu na stopień palenia, kawa jest polecana szczególnie do espresso - sprawdzi się do ekspresów ciśnieniowych i kawiarek.",100% Arabica,None,1000.0,64.9
277,https://www.coffeedesk.pl/product/12349/Lavazza-Caffe-Espresso-Italiano-Classico-Kawa-Ziarnista-500G,31.9,500 g,,espresso,medium,beans,"Lavazza Caffe Espresso to kawa ziarnista o ciemnym profilu palenia. Mieszanka składa się 100% z wyselekcjonowanych ziaren Arabiki z palantacji Ameryki Środkowej. Kawa o intensywnym smaku, o wyczuwalnej słodyczy czekolady, wraz z delikatnymi nutami kwiatowymi i owocowymi.

Ze względu na stopień palenia, kawa jest polecana szczególnie do espresso - sprawdzi się do ekspresów ciśnieniowych i kawiarek.",100% Arabica,None,500.0,63.8
278,https://www.coffeedesk.pl/product/430/Lavazza-Crema-E-Aroma,47.9,1 kg,,espresso,dark,beans,"Wyśmienita mieszanka najlepszych odmian Arabiki i Robusty. Jej intensywny smak na długo pozostaje w ustach, a trwała pianka podkreśla jej wykwintność.",50/50,None,1000.0,47.9
279,https://www.coffeedesk.pl/product/4925/Lavazza-Crema-E-Aroma-Blue-1Kg,52.0,1 kg,,espresso,dark,beans,"Włoska mieszanka aromatycznych i bogatych w smaku odmian Arabiki (40%) i Robusty (60%). Przyjemny, czekoladowo-orzechowy smak długo utrzymuje się w ustach.",40/60,None,1000.0,52.0
280,https://www.coffeedesk.pl/product/12360/Lavazza-Crema-E-Gusto-Kawa-Mielona-250G,13.9,250 g,,espresso,dark,ground,"Włoska kawa mielona o ciemnym profilu palenia. Mieszanka odmian Arabiki oraz Robusty, pochodzących z Ameryki Południowej oraz Azji Południowo-Wschodniej. Intensywny aromat i smak przypraw długo utrzyma się w ustach.

Ze względu na grubość mielenia, kawa jest polecana szczególnie do ekspresu ciśnieniowego i kawiarki. Odpowiedni stopień mielenia pozwala łatwiej zaparzyć kawę w poprawny sposób. Woda przepływa przez zmieloną kawę w odpowiednim tempie, co przekłada się na poprawną ekstrakcję i napar o oczekiwanym smaku.",None,None,250.0,55.6
281,https://www.coffeedesk.pl/product/134/Lavazza-Gran-Espresso,54.9,1 kg,,espresso,dark,beans,Kiedy ktoś ma na myśli „małą czarną” to jest to właśnie Lavazza Grand Espresso - o smaku typowego włoskiego espresso.,60/40,None,1000.0,54.9
282,https://www.coffeedesk.pl/product/138/Lavazza-Qualita-Oro,54.9,1 kg,,espresso,dark,beans,"Złota jakość (wł. qualita oro) tej kawy bierze się z wyselekcjonowanych ziaren Arabiki sprowadzonych z najlepszych plantacji południowej i centralnej Ameryki oraz Afryki.
 ",100% Arabica,None,1000.0,54.9
283,https://www.coffeedesk.pl/product/10522/Lavazza-Qualita-Oro-Mountain-Grown-Mielona-Puszka-250G,19.9,250 g,,espresso,dark,ground,"Włoska kawa mielona o ciemnym profilu palenia. To 100% Arabika, aromatyczna i intensywna, o nutach czekolady i suszonych owoców. Idealna na dobry początek dnia.

Ze względu na grubość mielenia, kawa jest polecana do kawiarki i ekspresu ciśnieniowego. Odpowiedni stopień mielenia pozwala łatwiej zaparzyć kawę w poprawny sposób. Woda przepływa przez zmieloną kawę w odpowiednim tempie, co przekłada się na poprawną ekstrakcję i napar o oczekiwanym smaku.",100% Arabica,None,250.0,79.6
284,https://www.coffeedesk.pl/product/10521/Lavazza-Qualita-Oro-Mountain-Grown-Mielona-250G,19.9,250 g,,espresso,dark,ground,"Włoska kawa mielona o ciemnym profilu palenia. To 100% Arabika, aromatyczna i intensywna, o nutach czekolady i suszonych owoców. Idealna na dobry początek dnia.

Ze względu na grubość mielenia, kawa jest polecana do kawiarki i ekspresu ciśnieniowego. Odpowiedni stopień mielenia pozwala łatwiej zaparzyć kawę w poprawny sposób. Woda przepływa przez zmieloną kawę w odpowiednim tempie, co przekłada się na poprawną ekstrakcję i napar o oczekiwanym smaku.",100% Arabica,None,250.0,79.6
285,https://www.coffeedesk.pl/product/10520/Lavazza-Qualita-Oro-Mountain-Grown-Ziarnista-1Kg,67.9,1 kg,,espresso,dark,beans,"Włoska kawa ziarnista o ciemnym profilu palenia. To 100% Arabika, aromatyczna i intensywna, o nutach czekolady i suszonych owoców. Idealna na dobry początek dnia.

Ze względu na stopień palenia, kawa jest polecana szczególnie do espresso - sprawdzi się do ekspresów ciśnieniowych i kawiarek.",100% Arabica,None,1000.0,67.9
286,https://www.coffeedesk.pl/product/12358/Lavazza-Qualita-Rossa-Kawa-Mielona-250G,14.9,250 g,,espresso,dark,ground,"Lavazza Rossa to włoska kawa mielona o ciemnym profilu palenia. Mieszanka składa się w 40% z Arabik z Brazylii i w 60% z Robusty z krajów afrykańskich.  Intensywna w smaku, o wyczuwalnych nutach czekolady Napar ma gęstą teksturę i wysoką zawartość kofeiny. Idealna jako kawa czarna, a także do przyrządzenia cappuccino, latte i innych kaw mieszanych z mlekiem.

Ze względu na grubość mielenia, kawa jest polecana szczególnie do ekspresów ciśnieniowych i kawiarek. Odpowiedni stopień mielenia pozwala łatwiej zaparzyć kawę w poprawny sposób. Woda przepływa przez zmieloną kawę w odpowiednim tempie, co przekłada się na poprawną ekstrakcję i napar o oczekiwanym smaku.
 ",40/60,None,250.0,59.6
287,https://www.coffeedesk.pl/product/12347/Lavazza-Qualita-Rossa-Kawa-Ziarnista-250G,14.9,250 g,,espresso,dark,beans,"Lavazza Rossa to włoska kawa ziarnista o ciemnym profilu palenia. Mieszanka składa się w 40% z Arabik z Brazylii i w 60% z Robusty z krajów afrykańskich.  Intensywna w smaku, o wyczuwalnych nutach czekolady Napar ma gęstą teksturę i wysoką zawartość kofeiny. Idealna jako kawa czarna, a także do przyrządzenia cappuccino, latte i innych kaw mieszanych z mlekiem.

Ze względu na stopień palenia, kawa jest polecana szczególnie do ekspresów ciśnieniowych i kawiarek.",40/60,None,250.0,59.6
288,https://www.coffeedesk.pl/product/12352/Lavazza-Qualita-Rossa-Kawa-Ziarnista-500G,29.9,500 g,,espresso,dark,beans,"Lavazza Rossa to włoska kawa ziarnista o ciemnym profilu palenia. Mieszanka składa się w 40% z Arabik z Brazylii i w 60% z Robusty z krajów afrykańskich.  Intensywna w smaku, o wyczuwalnych nutach czekolady Napar ma gęstą teksturę i wysoką zawartość kofeiny. Idealna jako kawa czarna, a także do przyrządzenia cappuccino, latte i innych kaw mieszanych z mlekiem.

Ze względu na stopień palenia, kawa jest polecana szczególnie do ekspresów ciśnieniowych i kawiarek.",40/60,None,500.0,59.8
289,https://www.coffeedesk.pl/product/132/Lavazza-Rossa-Qualita,49.9,1 kg,,espresso,dark,beans,"Popularna na całym świecie kompozycja odmian Arabiki z plantacji brazylijskich i afrykańskich Robust. Idealna do przyrządzenia cappuccino, latte i innych kaw mieszanych z mlekiem. Lavazza Rossa to doskonała kawa na dobry początek dnia.
 ",40/60,None,1000.0,49.9
290,https://www.coffeedesk.pl/product/136/Lavazza-Top-Class,64.9,1 kg,,espresso,dark,beans,"Kawa najwyższej jakości, mieszanka o doskonałych proporcjach ziaren Arabiki z dodatkiem Robusty.
 ",90/10,None,1000.0,64.9
291,https://www.coffeedesk.pl/product/3184/Le-Piantagioni-Del-Caffe-78-22-1Kg,99.9,1 kg,,espresso,dark,beans,"Mieszanka ziaren Arabik i Robusty (78/22%) z Brazylii oraz Indii, wypalanych przez cenioną włoską palarnię Le Piantagioni del Caffè. Kawa o słodkich nutach czekolady oraz aromatycznej wanilii. Przygotujesz z niej napar o pełnym, kremowym body.",78/22,"Brazylia, Indie",1000.0,99.9
292,https://www.coffeedesk.pl/product/3182/Le-Piantagioni-Del-Caffe-85-15-1Kg,91.99,1 kg,,espresso,dark,beans,"Mieszanka ziaren Arabik i Robusty (85/15%), z Gwatemali, Etiopii, Salwadoru, Brazylii oraz Indii, wypalanych przez cenioną włoską palarnię Le Piantagioni del Caffè. Kawa o delikatnym aromacie przypraw. W jej smaku pojawiają się nuty orzechów włoskich i lukrecji oraz przyjemna kwasowość.",85/15,None,1000.0,91.99
293,https://www.coffeedesk.pl/product/6087/Le-Piantagioni-Del-Caffe-85-15-250G,29.9,250 g,,espresso,dark,beans,"Mieszanka ziaren Arabik i Robusty (85/15%), z Gwatemali, Etiopii, Salwadoru, Brazylii oraz Indii, wypalanych przez cenioną włoską palarnię Le Piantagioni del Caffè. Kawa o delikatnym aromacie przypraw. W jej smaku pojawiają się nuty orzechów włoskich i lukrecji oraz przyjemna kwasowość.",85/15,None,250.0,119.6
294,https://www.coffeedesk.pl/product/5624/Le-Piantagioni-Del-Caffe-Alto-Palomar-Fto-250G,29.9,250 g,Washed,espresso,dark,beans,"Peru Fair Trade Organic to ziarna z odległych rejonów Peru, oznaczone certyfikatami CSC oraz Fairtrade, wypalane przez cenioną włoską palarnię Le Piantagioni del Caffè.

Kawa o pełnym body, delikatnej kwasowości i niezwykłych nutach miodu, prażonych migdałów i słodkiego tytoniu. W posmaku zwieńczona łagodnym smakiem kakao.",100% Arabica,Peru,250.0,119.6
295,https://www.coffeedesk.pl/product/14363/Le-Piantagioni-Del-Caffe-El-Salvador-La-Cumbre-1Kg,179.0,1 kg,Natural,espresso,dark,beans,"Kawa ziarnista jakości speciality z Salwadoru wypalona we włoskej palarni Le Piantagioni del Caffe. Palona w ciemnym stopniu, świetnie sprawdzi się do ekspresu ciśnieniowego i kawiarki. W jej smaku można wyczuć sporo słodyczy wraz z delikatnymi nutami wiśni i banana oraz łagodnym aromatem jabłka. Espresso jest gładkie i kremowe.",100% Arabica,Salwador,1000.0,179.0
296,https://www.coffeedesk.pl/product/14362/Le-Piantagioni-Del-Caffe-El-Salvador-La-Cumbre-250G,52.0,250 g,Natural,espresso,dark,beans,"Kawa ziarnista jakości speciality z Salwadoru wypalona we włoskej palarni Le Piantagioni del Caffe. Palona w ciemnym stopniu, świetnie sprawdzi się do ekspresu ciśnieniowego i kawiarki. W jej smaku można wyczuć sporo słodyczy wraz z delikatnymi nutami wiśni i banana oraz łagodnym aromatem jabłka. Espresso jest gładkie i kremowe.",100% Arabica,Salwador,250.0,208.0
297,https://www.coffeedesk.pl/product/5619/Le-Piantagioni-Del-Caffe-Etiopia-Yrgalem-250G,35.9,250 g,Washed,espresso,dark,beans,"Yrgalem to ziarna z Etiopii, wypalane przez cenioną włoską palarnię Le Piantagioni del Caffè. Ta 100% arabika charakteryzuje się przede wszystkim kwiatowym aromatem, nutami bergamotki i miodu oraz delikatnie cytrusowym posmakiem. ",100% Arabica,Etiopia,250.0,143.6
298,https://www.coffeedesk.pl/product/3171/Le-Piantagioni-Del-Caffe-Etiopia-Yrgalem-250G-Mielona,35.9,250 g,Washed,espresso,dark,ground,"Yrgalem to kawa z Etiopii, wypalana przez cenioną włoską palarnię Le Piantagioni del Caffè. Ta 100% arabika charakteryzuje się przede wszystkim kwiatowym aromatem, nutami bergamotki i miodu oraz delikatnie cytrusowym posmakiem. 

Ze względu na grubość mielenia, kawa jest polecana szczególnie do kawiarki. Odpowiedni stopień mielenia pozwala łatwiej zaparzyć kawę w poprawny sposób. Woda przepływa przez zmieloną kawę w odpowiednim tempie, co przekłada się na poprawną ekstrakcję i napar o oczekiwanym smaku.",100% Arabica,Etiopia,250.0,143.6
299,https://www.coffeedesk.pl/product/3169/Le-Piantagioni-Del-Caffe-Etiopia-Yrgalem-500G,65.9,500 g,Washed,espresso,dark,beans,"Yrgalem to ziarna z Etiopii, wypalane przez cenioną włoską palarnię Le Piantagioni del Caffè. Ta 100% arabika charakteryzuje się przede wszystkim kwiatowym aromatem, nutami bergamotki i miodu oraz delikatnie cytrusowym posmakiem. ",100% Arabica,Etiopia,500.0,131.8
300,https://www.coffeedesk.pl/product/3173/Le-Piantagioni-Del-Caffe-Iridamo-1Kg,119.89,1 kg,Washed,espresso,dark,beans,"Iridamo to mieszanka ziaren z Gwatemali i Etiopii, wypalanych przez cenioną włoską palarnię Le Piantagioni del Caffè. Ta 100% arabika charakteryzuje się słodkim, delikatnym smakiem, przyjemną kwasowością i cytrusowym aromatem.",100% Arabica,"Etiopia, Gwatemala",1000.0,119.89
301,https://www.coffeedesk.pl/product/3172/Le-Piantagioni-Del-Caffe-Iridamo-500G,65.9,500 g,Washed,espresso,dark,beans,"Iridamo to mieszanka ziaren z Gwatemali i Etiopii, wypalanych przez cenioną włoską palarnię Le Piantagioni del Caffè. Ta 100% arabika charakteryzuje się słodkim, delikatnym smakiem, przyjemną kwasowością i cytrusowym aromatem.",100% Arabica,"Etiopia, Gwatemala",500.0,131.8
302,https://www.coffeedesk.pl/product/3178/Le-Piantagioni-Del-Caffe-San-Luis-And-Raigode-1Kg,99.9,1 kg,Washed,espresso,dark,beans,"Mieszanka ziaren z Salwadoru (Arabika - 75%) i Indii (Robusta - 25%), wypalanych przez cenioną włoską palarnię Le Piantagioni del Caffè. Kawa o intensywnym aromacie oraz nutach kakao, przypraw i drzewa sandałowego. Dzięki dodatkowi robusty, espresso przygotowane z tych ziaren ma gęstszą, bardziej trwałą cremę.",75/25,"Salwador, Indie",1000.0,99.9
303,https://www.coffeedesk.pl/product/5625/Le-Piantagioni-Del-Caffe-Water-Decaf-Kawa-Bezkofeinowa-250G,25.24,250 g,,espresso,dark,beans,Kawa bezkofeinowa wypalana przez cenioną włoską palarnię Le Piantagioni del Caffè. Ziarno to 100% arabika pochodząca z Brazylii. W filiżance można spodziewać się przede wszystkim słodyczy o nutach czekoladowo-orzechowych.,100% Arabica,Brazylia,250.0,100.96
304,https://www.coffeedesk.pl/product/17704/Le-Piantagioni-Del-Caffe-Finca-La-Cumbre-250G-Ziarno-Outlet,46.71,250 g,Natural,espresso,dark,beans,"Kawa ziarnista jakości speciality z Salwadoru wypalona we włoskej palarni Le Piantagioni del Caffe. Palona w ciemnym stopniu, świetnie sprawdzi się do ekspresu ciśnieniowego i kawiarki. W jej smaku można wyczuć sporo słodyczy wraz z delikatnymi nutami wiśni i banana oraz łagodnym aromatem jabłka. Espresso jest gładkie i kremowe.",100% Arabica,Salwador,250.0,186.84
305,https://www.coffeedesk.pl/product/2847/Lucaffe-Mister-Exclusive-Kawa-Mielona,29.9,250 g,,espresso,dark,ground,"Mieszanka wyselekcjonowanych, mielonych ziaren Arabik, pochodzących z  Ameryki Południowej, Azji i Afryki Środkowej.",100% Arabica,None,250.0,119.6
306,https://www.coffeedesk.pl/product/894/Lucaffe-Mister-Exclusive-Kawa-Ziarnista-Puszka,29.9,250 g,,espresso,dark,beans,"Mieszanka wyselekcjonowanych ziaren 100% Arabiki, pochodzących z  Ameryki Południowej, Azji i Afryki Środkowej.",100% Arabica,None,250.0,119.6
307,https://www.coffeedesk.pl/product/2848/Lucaffe-Classic--Kawa-Mielona,29.9,250 g,,espresso,dark,ground,"Klasyczna włoska kawa Lucaffe, polecana osobom, które kochają espresso o słodkim i łagodnym smaku. To mieszanka doskonałych mielonych ziaren Arabiki 80%, z niewielkim dodatkiem najwyższej jakości ziaren Robusty 20%.",80/20,None,250.0,119.6
308,https://www.coffeedesk.pl/product/893/Lucaffe-Classic-Kawa-Ziarnista,29.9,250 g,,espresso,dark,beans,"Klasyczna włoska kawa Lucaffe, polecana osobom, które kochają espresso o słodkim i łagodnym smaku. To mieszanka doskonałych ziaren Arabiki 80%, z niewielkim dodatkiem najwyższej jakości ziaren Robusty 20%.",80/20,None,250.0,119.6
309,https://www.coffeedesk.pl/product/602/Lucaffe-Espresso-Bar,69.9,1 kg,,espresso,dark,beans,"Wieczny i niepowtarzalny smak włoskiej kawy Lucaffe. Typowe włoskie espresso, charakteryzujące się doskonałą równowagą różnorodnych ziaren, z najlepszych plantacji Ameryki Łacińskiej i Afryki.",60/40,None,1000.0,69.9
310,https://www.coffeedesk.pl/product/638/Lucaffe-Piccolo-And-Dolce-Espresso-Italiano,109.0,1 kg,,espresso,dark,beans,"To mieszanka najwyższej jakości ziaren  Arabiki 90% i ziaren  Robusty 10%. 
 ",90/10,None,1000.0,109.0
311,https://www.coffeedesk.pl/product/61/Passalacqua-Ibis-Redibis,55.0,1 kg,,espresso,dark,beans,"Ibis Redibis jest dobrą, intensywną kawą bez wad.

 ",60/40,None,1000.0,55.0
312,https://www.coffeedesk.pl/product/57/Passalacqua-Mehari,82.0,1 kg,,espresso,dark,beans,"Mehari to mieszanka kawy ziarnistej o egzotycznej nazwie. Jej smak jest mocny, zdecydowany, pełen aromatu i cremy.",55/45,None,1000.0,82.0
313,https://www.coffeedesk.pl/product/131/Passalacqua-Mexico,31.0,250 g,,espresso,dark,ground,Mekico to w 100% mielone ziarna Arabiki.,100% Arabica,None,250.0,124.0
314,https://www.coffeedesk.pl/product/1399/Passalacqua-Vesuvio,99.0,1 kg,,espresso,dark,beans,"Kawa idealna dla fanów ciemno palonych ziaren o intensywnym smaku. Dzięki temu, że jest to mieszanka 60% Arabiki i 40% Robusty, kawa jest mniej kwaskowata. Świetnie sprawdzi się jako czarna kawa oraz z dodatkiem mleka.",60/40,None,1000.0,99.0
315,https://www.coffeedesk.pl/product/1135/Pellini-Espresso-Bar-Cremoso--N-9,69.9,1 kg,,espresso,medium,beans,Najlepszej jakości  ziarna Arabiki 70% i Robusty 30%. To filiżanka kawy o harmonijnym smaku i aromacie. ,70/30,None,1000.0,69.9
316,https://www.coffeedesk.pl/product/511/Pellini-Espresso-Bar-Vivace-N-82-1Kg,57.9,1 kg,,espresso,medium,beans,"Wolno wypalana aby uzyskać mocny i charakterystyczny dla kaw Pellini smak. 
 ",80/20,None,1000.0,57.9
317,https://www.coffeedesk.pl/product/3381/Pellini-Espresso-Bar-Vivace-N-82-500G,32.0,500 g,,espresso,medium,beans,"Jest to mieszanka ziaren arabiki i robusty w proporcjach 80/20. Dobrze sprawdzi się zarówno w espresso, jak i w kawach mlecznych. Espresso ma dobrze wyważony smak, bez kwasowości, bogatą i gęstą cremę oraz lekko korzenny aromat.",80/20,None,500.0,64.0
318,https://www.coffeedesk.pl/product/508/Pellini-Espresso-Gusto-Bar-Cremoso-N-46,18.9,250 g,,espresso,medium,ground,Pellini Espresso Superiore Cremoso to najnowsza linia kaw wyprodukowana specjalnie na włoski rynek.,70/30,None,250.0,75.6
319,https://www.coffeedesk.pl/product/507/Pellini-Espresso-Superiore-Tradizionale-Nr-42,14.2,250 g,,espresso,medium,ground,,60/40,None,250.0,56.8
320,https://www.coffeedesk.pl/product/3053/Pellini-Biologica-100Procent-Arabica,29.9,250 g,,espresso,medium,ground,"Mieszanka wysokiej jakości mielonych ziaren arabik z Ameryki Południowej i Centralnej. Kawa pochodzi wyłącznie z organicznych farm, gdzie cały proces uprawy i zbioru przeprowadzany jest z dbałością o środowisko. Przekłada się to także na jej delikatny smak i przyjemny aromat.",100% Arabica,None,250.0,119.6
321,https://www.coffeedesk.pl/product/4914/Pellini-Espresso-Vellutato-No-1,24.9,250 g,,espresso,dark,ground,"Mieszanka wysokiej jakości mielonych ziaren arabik (90%) oraz niewielkiego dodatku robusty (10%). Kawa o wyjątkowo czekoladowym smaku, wysokiej kremowości oraz przyjemnym aromacie.",100% Arabica,None,250.0,99.6
322,https://www.coffeedesk.pl/product/16393/Rocket-Bean-Honduras-Copan-El-Duende,52.0,200 g,Natural,Drip (Metody alternatywne),light,beans,"Kawa ziarnista jakości speciality z Hondurasu, wypalona w łotewskiej palarni Rocket Bean. Palona jasno, sprawdzi się pod wszelkie przelewowe metody parzenia - od dripa, przez Chemex, AeroPress, French Press, inne alternatywne metody parzenia, aż po ekspresy przelewowe! W jej smaku pojawiają się naturalne nuty przypominające suszonego melona, Cuba Libre, gorzką czekoladę oraz ciemne winogrona.",100% Arabica,Honduras,200.0,260.0
323,https://www.coffeedesk.pl/product/6864/Rocket-Bean-Honduras-Marcala-Omniroast,36.0,200 g,Washed,"drip, espresso",medium,beans,,100% Arabica,Honduras,200.0,180.0
324,https://www.coffeedesk.pl/product/16835/Royal-Beans-Hayb-Kolumbia-Monte-Blanco-Geisha-200G,89.0,200 g,Washed,Drip (Metody alternatywne),light,beans, ,100% Arabica,Kolumbia,200.0,445.0
325,https://www.coffeedesk.pl/product/16738/Royal-Beans-Le-Piantagioni-Del-Caffe-Disruptive-Colombia-La-Pradera,110.0,250 g,Washed,Drip (Metody alternatywne),light,beans,"Organiczna kawa ziarnista jakości speciality pochodząca z Kolumbii, wypalona we włoskiej palarni Le Piantagioni del Caffè. Jasno palona, idealna do ekspresu przelewowego, dripa, Chemexa, AeroPressa, French Pressa, oraz innych alternatywnych metod parzenia. W smaku jest wyczuwalna owocowość śliwki i brzoskwini, wraz ze słodyczą miodu. Złożona, o gładkiej teksturze.",100% Arabica,Kolumbia,250.0,440.0
326,https://www.coffeedesk.pl/product/9097/Simplo-Etiopia-Ora-Filter,42.0,250 g,Washed,Drip (Metody alternatywne),medium,beans,"Kawa ziarnista jakości speciality pochodząca z Etiopii, wypalona w warszawskiej palarni SIMPLo. Palona jasno, idealna do ekspresu przelewowego, dripa, Chemexa, AeroPressa, French Pressa oraz innych alternatywnych metod parzenia.",100% Arabica,Etiopia,250.0,168.0
327,https://www.coffeedesk.pl/product/9094/Simplo-Light-Years-Espresso,34.0,250 g,,espresso,medium,beans,"Mieszanka kaw ziarnistych jakości speciality pochodzących z Brazylii, Peru, wypalona w warszawskiej palarni SIMPLo. Palona w średnim stopniu, przeznaczona do espresso - doskonale sprawdzi się w ekspresach ciśnieniowych i kawiarkach.

Gęsta i aromatyczna, z wyraźnymi nutami gorzkiej i mlecznej czekolady, połączonymi z lukrecją i słodyczą karmelu. Świetna również z dodatkiem mleka - smak przypomina ciasto czekoladowe.",100% Arabica,"Brazylia, Peru",250.0,136.0
328,https://www.coffeedesk.pl/product/2336/Solberg-And-Hansen-Half-And-Half-Espresso-250G,49.0,250 g,,espresso,dark,beans,"Kawa z norweskiej palarni Solberg&Hansen, przeznaczona do espresso. Delikatne espresso o nutach czekolady, karmelu i dojrzałych owoców.",100% Arabica,None,250.0,196.0
329,https://www.coffeedesk.pl/product/2937/Solberg-And-Hansen-Java-Mocca,47.0,250 g,Natural,Drip (Metody alternatywne),light,beans,"Kawa z norweskiej palarni Solberg&Hansen, przeznaczona do zaparzania metodami alternatywnymi. Jest to mieszanka ziaren z Brazylii, Etiopii, Rwandy, Salwadoru i Nikaragui. Kawa w smaku jest słodka, owocowa i czekoladowa.",100% Arabica,None,250.0,188.0
330,https://www.coffeedesk.pl/product/16951/The-Barn-Rwanda-Huye-Mountain-Natural-Esp-1Kg--Kawa-Ziarnista-Outlet,114.5,1 kg,Natural,espresso,medium,beans,"Kawa ziarnista jakości speciality z Rwandy, wypalona w niemieckiej palarni The Barn. Kawa palona w średnim stopniu, świetnie sprawdzi się do ekspresu ciśnieniowego i kawiarki. W jej smaku można wyczuć nuty soczystych jagód wraz ze słodyczą przypominającą żelki.",100% Arabica,Rwanda,1000.0,114.5
331,https://www.coffeedesk.pl/product/15679/Tu-Cafe-Filter-Tasting-Box-Zestaw-Kaw-5-X-100G,105.0,5 x 100g,,Drip (Metody alternatywne),light,beans,"Zestaw pięciu kaw z palarni Tu Café. Paczki zawierają po 100 gramów ziarna jakości speciality z różnych krajów. Każda z kaw charakteryzuje się innym profilem smakowym, co poprzez porównanie pozwala określić swoje preferencje. Kawy są palone jasno, idealne do ekspresu przelewowego, dripa, Chemexa, AeroPressa, French Pressa, oraz innych alternatywnych metod parzenia.",100% Arabica,None,400.0,262.5
332,https://www.coffeedesk.pl/product/2716/Zestaw-6-Puszek-Kawy-Ziarnistej-Illy-Intenso-Bold-Roast-250G,169.0,250 g,,espresso,dark,beans,"Zestaw 6 puszek kawy ziarnistej Illy Intenso Bold Roast 250g. Ciemno palone, bogate i energiczne espresso,  które od razu przechodzi do rzeczy. Wyraźny, intensywny i głęboki smak. Filiżanka espresso o czekoladowym aromacie, z domieszką karmelu w smaku .",100% Arabica,None,250.0,676.0
333,https://www.coffeedesk.pl/product/869/Zestaw-6-X-1Kg-Lavazza-Crema-E-Aroma-,299.4,1 kg,,espresso,dark,beans,"Lavazza to znana wszystkim, włoska palarnia kawy. Lavazza Crema e Aroma to doskonała mieszanka, jej intensywny smak na długo pozostawia przyjemny posmak, a trwała pianka podkreśla jej wykwintność.

Zestaw zawiera 6 opakowań po 1kg.",40/60,None,1000.0,299.4
334,https://www.coffeedesk.pl/product/872/Zestaw-6-X-1Kg-Lavazza-Gran-Espresso,359.4,1 kg,,espresso,dark,beans,"Lavazza Gran Espresso - to smak typowego włoskiego espresso. Stanowi idealną bazę do cappuccino i latte.

Zestaw zawiera 6 opakowań po 1kg.",60/40,None,1000.0,359.4
335,https://www.coffeedesk.pl/product/871/Zestaw-6-X-1Kg-Lavazza-Rossa,299.4,1 kg,,espresso,dark,beans,"Lavazza Rossa to doskonała kawa na dobry początek dnia. To filiżanka kawy o pełnym i łagodnym smaku oraz niesamowitym,  czekoladowym aromacie.

Zestaw zawiera 6 opakowań po 1 kg.",40/60,None,1000.0,299.4
336,https://www.coffeedesk.pl/product/873/Zestaw-6-X-1Kg-Lavazza-Top-Class,438.0,1 kg,,espresso,dark,beans,"Lavazza Top Class to kawa najwyższej jakości, mieszanka o doskonałych proporcjach ziaren Arabiki z dodatkiem Robusty.

Zestaw zawiera 6 opakowań po 1kg.",90/10,None,1000.0,438.0
337,https://www.coffeedesk.pl/product/11919/Zestaw-Arcaffe-Giannutri-1Kg-5--1-Gratis,460.0,,,,,,"Mieszanka Arabiki i Robusty w stosunku 60/40 z włoskiej palarni Arcaffe. Dodatek robusty zapewnia intensywny, nie za słodki smak, z przyjemnym posmakiem.

Kawa ta jest produkowana od roku 1981, a jej nazwa pochodzi od archipelagu znajdującego się w pobliżu południowej Toskanii. Kawa przygotowana z tych ziaren będzie miała bardzo dobre body, świetny smak i włoski charakter.",None,None,0.0,inf
338,https://www.coffeedesk.pl/product/11917/Zestaw-Arcaffe-Gorgona-1Kg-5--1-Gratis,545.0,6x 1 kg,,,,,,None,None,6000.0,90.83333333333333
339,https://www.coffeedesk.pl/product/11923/Zestaw-Arcaffe-Margo-1Kg-5--1-Gratis,395.0,,,,,,"Arcaffe Margo to wyważona mieszanka ziaren kawy o dużej mocy, ale zarazem delikatnie miękka i kremowa z wyczuwalnymi nutami czekoladowymi.

Margo składa się z najwyższej jakości ziaren Arabiki i Robusty w proporcjach 50/50. Arabika nadaje wyjątkowy smak a Robusta pozwala uzyskać ciemną i wyraźną cremę.

Arcaffe Margo to mocna kawa, idealna na pobudzające espresso, sprawdza się bardzo dobrze do kaw mlecznych jak cappuccino lub latte.",None,None,0.0,inf
340,https://www.coffeedesk.pl/product/11915/Zestaw-Arcaffe-Meloria-1Kg-5--1-Gratis,495.0,6 sztuk,,,,,,None,None,6000.0,82.5
341,https://www.coffeedesk.pl/product/11913/Zestaw-Arcaffe-Roma-1Kg-5--1-Gratis,545.0,6x 1 kg,,,,,,None,None,6000.0,90.83333333333333
342,https://www.coffeedesk.pl/product/11942/Zestaw-Le-Piantagioni-Del-Caffe-San-Luis-And-Raigode-1Kg-5--1-Gratis,595.0,,,,,,,None,None,0.0,inf
343,https://www.coffeedesk.pl/product/11938/Zestaw-Le-Piantagioni-Del-Caffe-100-1Kg-5--1-Gratis,595.0,,,,,,,None,None,0.0,inf
344,https://www.coffeedesk.pl/product/11933/Zestaw-Le-Piantagioni-Del-Caffe-78-22-1Kg-5--1-Gratis,545.0,,,,,,,None,None,0.0,inf
345,https://www.coffeedesk.pl/product/11930/Zestaw-Le-Piantagioni-Del-Caffe-85-15-1Kg-5--1-Gratis,574.95,,,,,,"Idealny zestaw dla entuzjastów kawy Le Piantagioni del Caffe 85/15! Tylko teraz zestaw 6kg tej wyśmienitej włoskiej kawy w wyjątkowej cenie - zamawiając pięć paczek, szóstą otrzymujesz gratis!",None,None,0.0,inf
346,https://www.coffeedesk.pl/product/11934/Zestaw-Le-Piantagioni-Del-Caffe-Iridamo-1Kg-5--1-Gratis,675.0,,,,,,"Idealny zestaw dla entuzjastów kawy Le Piantagioni del Caffè Iridamo! Tylko teraz zestaw 6kg tej wyśmienitej włoskiej kawy w wyjątkowej cenie - zamawiając pięć paczek, szóstą otrzymujesz gratis!",None,None,0.0,inf
347,https://www.coffeedesk.pl/product/10385/Zestaw-Arcaffe-Mokacrema-1Kg--Filizanka-Do-Cappuccino,135.0,1 kg,,espresso,medium,,Zestaw zawierający prawdziwie włoską kawę Mokacrema od Arcaffe z porcelanową filiżanką do Cappuccino ze spodkiem.,100% Arabica,None,1000.0,135.0
348,https://www.coffeedesk.pl/product/10386/Zestaw-Arcaffe-Mokacrema-1Kg--Filizanka-Do-Espresso,130.0,1 kg,,espresso,medium,beans,Zestaw zawierający prawdziwie włoską kawę Mokacrema od Arcaffe z porcelanową filiżanką do Espresso ze spodkiem.,100% Arabica,None,1000.0,130.0
349,https://www.coffeedesk.pl/product/10396/Zestaw-Arcaffe-Roma-1Kg--Filizanka-Do-Cappuccino,119.0,1 kg,,espresso,medium,beans,Zestaw zawierający prawdziwie włoską kawę Roma od Arcaffe z porcelanową filiżanką do Cappuccino ze spodkiem.,100% Arabica,None,1000.0,119.0
350,https://www.coffeedesk.pl/product/10399/Zestaw-Arcaffe-Roma-1Kg--Filizanka-Do-Espresso,114.0,1 kg,,espresso,medium,beans,Zestaw zawierający prawdziwie włoską kawę Roma od Arcaffe z porcelanową filiżanką do Espresso ze spodkiem.,100% Arabica,None,1000.0,114.0
351,https://www.coffeedesk.pl/product/17738/3Fe-Brazil-Caxambu,56.0,250 g,Natural,"drip, espresso",light,beans,"Kawa ziarnista jakości speciality pochodząca z Brazylii, wypalona w irlandzkiej palarni 3fe (Third Floor Espresso). Palona w średnim stopniu, przeznaczona zarówno do przelewowych metod parzenia, jak i do espresso. W smaku wyczuwalne są nuty suszonch śliwek, daktyli oraz mlecznej czekolady.",100% Arabica,Brazylia,250.0,224.0
352,https://www.coffeedesk.pl/product/17491/3Fe-Brazil-Portal-Da-Serra,56.0,250 g,Natural,"drip, espresso",medium,beans,"Kawa ziarnista jakości speciality pochodząca z Brazylii, wypalona w irlandzkiej palarni 3fe (Third Floor Espresso). Palona w średnim stopniu, przeznaczona zarówno do przelewowych metod parzenia, jak i do espresso. W smaku wyczuwalne są nuty macerowanej truskawki, rodzynek oraz kakao.",100% Arabica,Brazylia,250.0,224.0
353,https://www.coffeedesk.pl/product/11602/3Fe-Brazil-Sitio-Vidigal-Natural,48.0,250 g,Natural,"drip, espresso",medium,beans,"Kawa ziarnista jakości speciality pochodząca z Brazylii, wypalona w irlandzkiej palarni 3fe (Third Floor Espresso). Palona w średnim stopniu, przeznaczona zarówno do przelewowych metod parzenia, jak i do espresso. W smaku wyczuwalne są nuty suszonej moreli, nugatu oraz rodzynek.",100% Arabica,Brazylia,250.0,192.0
354,https://www.coffeedesk.pl/product/17437/3Fe-Colombia-La-Comunidad,59.0,250 g,Washed,"drip, espresso",medium,beans,"Kawa ziarnista jakości speciality pochodząca z Kolumbii, wypalona w irlandzkiej palarni 3fe (Third Floor Espresso). Palona w średnim stopniu, przeznaczona zarówno do przelewowych metod parzenia, jak i do espresso. W smaku wyczuwalne są nuty gruszki, słodkich pianek oraz jabłka.",100% Arabica,Kolumbia,250.0,236.0
355,https://www.coffeedesk.pl/product/17003/3Fe-Colombia-La-Estrella-Del-Ostra-Decaf-Kawa-Bezkofeinowa,61.0,250 g,Washed,Drip (Metody alternatywne),light,beans,"Bezkofeinowa kawa ziarnista jakości speciality pochodząca z Kolumbii, wypalona w irlandzkiej palarni 3fe (Third Floor Espresso). Palona w średnim stopniu, przeznaczona zarówno do przelewowych metod parzenia, jak i do espresso. W smaku wyczuwalne są nuty kiwi, daktyli oraz marmolady z limonki.

Kawa jest pozbawiana kofeiny przy użyciu naturalnych substancji pozyskiwanych z trzciny cukrowej, bez użycia sztucznych substancji chemicznych.",100% Arabica,Kolumbia,250.0,244.0
356,https://www.coffeedesk.pl/product/17740/3Fe-Malawi-Usingini,68.0,250 g,Washed,"drip, espresso",light,beans,"Kawa ziarnista jakości speciality pochodząca z Malawi, wypalona w irlandzkiej palarni 3fe (Third Floor Espresso). Palona w średnim stopniu, przeznaczona zarówno do przelewowych metod parzenia, jak i do espresso. W smaku wyczuwalne są nuty białego cukru, ciemnych winogron oraz tarty cytrynowej.",100% Arabica,Malawi,250.0,272.0
357,https://www.coffeedesk.pl/product/17739/3Fe-Rwanda-Sholi,60.0,250 g,Washed,"drip, espresso",light,beans,"Kawa ziarnista jakości speciality pochodząca z Rwandy, wypalona w irlandzkiej palarni 3fe (Third Floor Espresso). Palona w średnim stopniu, przeznaczona zarówno do przelewowych metod parzenia, jak i do espresso. W smaku wyczuwalne są nuty gotowanych jabłek, kompotu śliwkowego oraz miodu akacjowego.",100% Arabica,Rwanda,250.0,240.0
358,https://www.coffeedesk.pl/product/17674/Audun-Coffee-Colombia-Villa-Clabelina,63.0,250 g,Natural,Drip (Metody alternatywne),light,beans,"Kawa ziarnista jakości speciality pochodząca z Kolumbii, wypalona przez Mistrza Świata Roasterów 2015 - Auduna Sorbottena. Palona jasno, idealna do ekspresu przelewowego, dripa, Chemexa, AeroPressa, French Pressa, oraz innych alternatywnych metod parzenia.",100% Arabica,Kolumbia,250.0,252.0
598,https://www.coffeedesk.pl/product/16196/Audun-Coffee-Drip-No-2-Brazylia-Casa-Da-Crianca-1-Kg,119.0,1 kg,Washed,Drip (Metody alternatywne),light,beans,"Mieszanka kaw ziarnistych jakości speciality wypalona przez Mistrza Świata Roasterów 2015, Auduna Sorbottena. W opakowaniu znajdziesz minimum 75% ziaren z Brazylii i około 25% arabiki różnego pochodzenia.

Kawa jest palona jasno, polecana szczególnie do kawiarni  jako ziarno do gastronomicznych ekspresów przelewowych. Sprawdzi się również do dripa, Chemexa, AeroPressa, French Pressa, oraz innych alternatywnych metod parzenia.",100% Arabica,"Brazylia, inne",1000.0,119.0
599,https://www.coffeedesk.pl/product/17676/Audun-Coffee-Ethiopia-Banko-Gotiti,58.0,250 g,Washed,Drip (Metody alternatywne),light,beans,"Kawa ziarnista jakości speciality pochodząca z Etiopii, wypalona przez Mistrza Świata Roasterów 2015 - Auduna Sorbottena. Palona jasno, idealna do ekspresu przelewowego, dripa, Chemexa, AeroPressa, French Pressa, oraz innych alternatywnych metod parzenia.",100% Arabica,Etiopia,250.0,232.0
600,https://www.coffeedesk.pl/product/17022/Audun-Coffee-Honduras-Santa-Babara-La-Montanita,63.0,250 g,Washed Anaerobic,Drip (Metody alternatywne),light,beans,"Kawa ziarnista jakości speciality pochodząca z Hondurasu, wypalona przez Mistrza Świata Roasterów 2015 - Auduna Sorbottena. Palona jasno, idealna do ekspresu przelewowego, dripa, Chemexa, AeroPressa, French Pressa, oraz innych alternatywnych metod parzenia.",100% Arabica,Honduras,250.0,252.0
601,https://www.coffeedesk.pl/product/17462/Audun-Coffee-India-Ratnagiri-Red-Honey,56.0,250 g,Red Honey,Drip (Metody alternatywne),light,beans,"Kawa ziarnista jakości speciality pochodząca z Indii, wypalona przez Mistrza Świata Roasterów 2015 - Auduna Sorbottena. Palona jasno, idealna do ekspresu przelewowego, dripa, Chemexa, AeroPressa, French Pressa, oraz innych alternatywnych metod parzenia.",100% Arabica,Indie,250.0,224.0
602,https://www.coffeedesk.pl/product/17675/Audun-Coffee-India-Kenya-Blend-Espresso-1Kg,149.0,1 kg,,espresso,medium,beans,"Mieszanka kaw ziarnistych speciality z Kenii oraz Indii. Wypalana przez Auduna Sorbottena, Mistrza Świata Roasterów z 2015 roku. ",100% Arabica,"Kenia, Indie",1000.0,149.0
603,https://www.coffeedesk.pl/product/17389/Audun-Coffee-Peru-El-Limon,56.0,250 g,Washed,Drip (Metody alternatywne),light,beans,"Kawa ziarnista jakości speciality pochodząca z Peru, wypalona przez Mistrza Świata Roasterów 2015 - Auduna Sorbottena. Palona jasno, idealna do ekspresu przelewowego, dripa, Chemexa, AeroPressa, French Pressa, oraz innych alternatywnych metod parzenia.",100% Arabica,Peru,250.0,224.0
604,https://www.coffeedesk.pl/product/17495/Audun-Coffee-Rwanda-Bukonya,56.0,250 g,Washed,Drip (Metody alternatywne),light,beans,"Kawa ziarnista jakości speciality pochodząca z Rwandy, wypalona przez Mistrza Świata Roasterów 2015 - Auduna Sorbottena. Palona jasno, idealna do ekspresu przelewowego, dripa, Chemexa, AeroPressa, French Pressa, oraz innych alternatywnych metod parzenia.",100% Arabica,Rwanda,250.0,224.0
605,https://www.coffeedesk.pl/product/16573/Audun-Coffee-Rwanda-Rusizi,56.0,250 g,Washed,Drip (Metody alternatywne),light,beans,"Kawa ziarnista jakości speciality pochodząca z Rwandy, wypalona przez Mistrza Świata Roasterów 2015 - Auduna Sorbottena. Palona jasno, idealna do ekspresu przelewowego, dripa, Chemexa, AeroPressa, French Pressa, oraz innych alternatywnych metod parzenia.",100% Arabica,Rwanda,250.0,224.0
606,https://www.coffeedesk.pl/product/13548/Autumn-Coffee-Brazylia-Colibri-Santos-Espresso,28.0,250 g,Natural,espresso,medium,beans,"Kawa ziarnista jakości speciality pochodząca z Brazylii, wypalona w polskiej palarni Autumn Coffee Roasters. Palona w średnim stopniu, przeznaczona do espresso - sprawdzi się w ekspresach ciśnieniowych i kawiarkach. W filiżance można oczekiwać słodyczy nugatu, miodu gryczanego, trzciny cukrowej i przyparaw.",100% Arabica,Brazylia,250.0,112.0
607,https://www.coffeedesk.pl/product/16296/Autumn-Coffee-Brazylia-Colibri-Santos-Espresso-1Kg,99.0,1 kg,Natural,espresso,medium,beans,"Kawa ziarnista jakości speciality pochodząca z Brazylii, wypalona w polskiej palarni Autumn Coffee Roasters. Palona w średnim stopniu, przeznaczona do espresso - sprawdzi się w ekspresach ciśnieniowych i kawiarkach. W filiżance można oczekiwać słodyczy nugatu, miodu gryczanego, trzciny cukrowej i przypraw.",100% Arabica,Brazylia,1000.0,99.0
608,https://www.coffeedesk.pl/product/17239/Autumn-Coffee-Etiopia-Dara,63.0,250 g,Natural,Drip (Metody alternatywne),light,beans,"Kawa ziarnista jakości speciality z Etiopii, wypalona przez polską palarnię Autumn Coffee Roasters. Palona w jasnym stopniu, idealna do ekspresu przelewowego, dripa, Chemexa, AeroPressa, French Pressa oraz innych alternatywnych metod parzenia. W filiżance można wyczuć nuty papai, jagód oraz czarnej herbaty, wraz z fiołkowym aromatem.",100% Arabica,Etiopia,250.0,252.0
609,https://www.coffeedesk.pl/product/17243/Autumn-Coffee-Gwatemala-El-Aguacate,55.0,250 g,Washed,Drip (Metody alternatywne),light,beans,"Kawa ziarnista jakości speciality z Gwatemali, wypalona przez polską palarnię Autumn Coffee Roasters. Palona w jasnym stopniu, idealna do ekspresu przelewowego, dripa, Chemexa, AeroPressa, French Pressa oraz innych alternatywnych metod parzenia. W filiżance można wyczuć nuty suszonej moreli i kokosa, wraz ze słodyczą mlecznej czekolady i kwiatowym aromatem.",100% Arabica,Gwatemala,250.0,220.0
610,https://www.coffeedesk.pl/product/17238/Autumn-Coffee-Honduras-Bendicion-De-Dios,59.0,250 g,Anaerobic,Drip (Metody alternatywne),light,beans,"Kawa ziarnista jakości speciality z Hondurasu, wypalona przez polską palarnię Autumn Coffee Roasters. Palona w jasnym stopniu, idealna do ekspresu przelewowego, dripa, Chemexa, AeroPressa, French Pressa oraz innych alternatywnych metod parzenia. W filiżance można wyczuć nuty jogurtu truskawkowego, ananasa, słodycz dżemu z owoców leśnych oraz posmak wina.",100% Arabica,Honduras,250.0,236.0
611,https://www.coffeedesk.pl/product/17241/Autumn-Coffee-Kolumbia-El-Pescado,49.0,250 g,Washed,Drip (Metody alternatywne),light,beans,"Kawa ziarnista jakości speciality z Kolumbii, wypalona przez polską palarnię Autumn Coffee Roasters. Palona w jasnym stopniu, idealna do ekspresu przelewowego, dripa, Chemexa, AeroPressa, French Pressa oraz innych alternatywnych metod parzenia. W filiżance można wyczuć słodycz puddingu waniliowego i marcepanu, wraz z owocowymi nutami maliny i mandarynki.",100% Arabica,Kolumbia,250.0,196.0
612,https://www.coffeedesk.pl/product/16912/Autumn-Coffee-Gwatemala-La-Senda-Bourbon-Double-Carbonic-Maceration-Fil-125G--Kawa-Ziarnista-Outlet,60.0,125 g,Carbonic Maceration,Drip (Metody alternatywne),light,beans,"Co kryje się za nazwą Royal Beans? Jeśli ziarno Speciality to kawowe wyżyny, nasze Royal Beans sięgają Himalajów! W tej serii przedstawiamy Wam sam wierzchołek kawowej piramidy, top topów, istne crème de la crème, cenne niczym klejnoty koronne. Anaerobic, Gesha, Nanolot, Lychee - co to znaczy nie po kawowemu? - Royal Beans to asortyment kaw wybranych przez nas z różnych palarni - łączy je wyjątkowy smak, limitowana produkcja, unikalne metody obróbki i najwyższa jakość. Gratka dla kawowych koneserów (również tych aspirujących)!

Kawa ziarnista jakości speciality z Gwatemali, wypalona przez polską palarnię Autumn Coffee Roasters. Palona w jasnym stopniu, idealna do ekspresu przelewowego, dripa, Chemexa, AeroPressa, French Pressa oraz innych alternatywnych metod parzenia. W filiżance można wyczuć nutę poziomki, owoców głogu, białej brzoskwini, dojrzałej gruszki oraz czerwonego wina.",100% Arabica,Gwatemala,125.0,480.0
613,https://www.coffeedesk.pl/product/17758/Autumn-Coffee-Gwatemala-La-Senda-Typica-256H-Carbonic-Maceration-Fil-125G--Kawa-Ziarnista-Outlet,64.0,125 g,Carbonic Maceration,Drip (Metody alternatywne),light,beans,"Co kryje się za nazwą Royal Beans? Jeśli ziarno Speciality to kawowe wyżyny, nasze Royal Beans sięgają Himalajów! W tej serii przedstawiamy Wam sam wierzchołek kawowej piramidy, top topów, istne crème de la crème, cenne niczym klejnoty koronne. Anaerobic, Gesha, Nanolot, Lychee - co to znaczy nie po kawowemu? - Royal Beans to asortyment kaw wybranych przez nas z różnych palarni - łączy je wyjątkowy smak, limitowana produkcja, unikalne metody obróbki i najwyższa jakość. Gratka dla kawowych koneserów (również tych aspirujących)!

Kawa ziarnista jakości speciality z Gwatemali, wypalona przez polską palarnię Autumn Coffee Roasters. Palona w jasnym stopniu, idealna do ekspresu przelewowego, dripa, Chemexa, AeroPressa, French Pressa oraz innych alternatywnych metod parzenia. W filiżance można wyczuć nutę owoców leśnych, róży, dżemu malinowego oraz różowego wina.",100% Arabica,Gwatemala,125.0,512.0
614,https://www.coffeedesk.pl/product/11193/Autumn-Coffee-Roasters-Autumn-Rain-Blend-Filter,33.0,250 g,,Drip (Metody alternatywne),light,beans,"Sezonowy blend kaw speciality wypalony przez polską palarnię Autumn Coffee Roasters. Palony w jasnym stopniu, idealny zarówno do ekspresu przelewowego, dripa, Chemexa, AeroPressa, French Pressa oraz innych alternatywnych metod parzenia. W kawie można wyczuć nuty owoców oraz mlecznej czekolady.",100% Arabica,None,250.0,132.0
615,https://www.coffeedesk.pl/product/17751/Autumn-Coffee-Rwanda-Huye-District-Horizon-311-Washed-Fil-250G--Kawa-Ziarnista-Outlet,48.0,250 g,Washed,Drip (Metody alternatywne),light,beans,"Kawa ziarnista jakości speciality z Rwandy, wypalona przez polską palarnię Autumn Coffee Roasters. Palona w jasnym stopniu, idealna do ekspresu przelewowego, dripa, Chemexa, AeroPressa, French Pressa oraz innych alternatywnych metod parzenia. W filiżance można wyczuć nutę czerwonej porzeczki, gruszki, marmolady pomarańczowej oraz kakao.",100% Arabica,Rwanda,250.0,192.0
616,https://www.coffeedesk.pl/product/9587/Bagdrip-Brazylia-1-Saszetka,4.5,11 g,,Drip (Metody alternatywne),light,ground,"Bagdrip to kawa i specjalny filtr, który możesz zawiesić na swój kubek. W środku najwyższej jakości, świeżo palone, zmielone ziarna z różnych zakątków świata. Pozwala to przygotować pojedynczą porcję około 185 ml naparu - wystarczy gorąca woda i kubek. Pyszna kawa w każdych warunkach, w podróży i w domu - szybko, łatwo i bez specjalnego sprzętu.
 ",100% Arabica,Brazylia,11.0,409.0909090909091
617,https://www.coffeedesk.pl/product/9582/Bagdrip-Brazylia-Box-8-Saszetek,31.5,8 x 11g,,Drip (Metody alternatywne),light,ground,"Bagdrip to kawa i specjalny filtr, który możesz zawiesić na swój kubek. W środku najwyższej jakości, świeżo palone, zmielone ziarna z różnych zakątków świata. Pozwala to przygotować pojedynczą porcję około 185 ml naparu - wystarczy gorąca woda i kubek. Pyszna kawa w każdych warunkach, w podróży i w domu - szybko, łatwo i bez specjalnego sprzętu.
 ",100% Arabica,Brazylia,88.0,357.9545454545455
618,https://www.coffeedesk.pl/product/9588/Bagdrip-Etiopia-1-Saszetka,5.0,11 g,Washed,Drip (Metody alternatywne),light,ground,"Bagdrip to kawa i specjalny filtr, który możesz zawiesić na swój kubek. W środku najwyższej jakości, świeżo palone, zmielone ziarna z różnych zakątków świata. Pozwala to przygotować pojedynczą porcję około 185 ml naparu - wystarczy gorąca woda i kubek. Pyszna kawa w każdych warunkach, w podróży i w domu - szybko, łatwo i bez specjalnego sprzętu.
 ",100% Arabica,Etiopia,11.0,454.5454545454545
619,https://www.coffeedesk.pl/product/9583/Bagdrip-Etiopia-Box-8-Saszetek,35.0,8 x 11g,Washed,Drip (Metody alternatywne),light,ground,"Bagdrip to kawa i specjalny filtr, który możesz zawiesić na swój kubek. W środku najwyższej jakości, świeżo palone, zmielone ziarna z różnych zakątków świata. Pozwala to przygotować pojedynczą porcję około 185 ml naparu - wystarczy gorąca woda i kubek. Pyszna kawa w każdych warunkach, w podróży i w domu - szybko, łatwo i bez specjalnego sprzętu.
 ",100% Arabica,Etiopia,88.0,397.7272727272727
620,https://www.coffeedesk.pl/product/9601/Bagdrip-Honduras-1-Saszetka,4.5,11 g,,Drip (Metody alternatywne),light,ground,"Bagdrip to kawa i specjalny filtr, który możesz zawiesić na swój kubek. W środku najwyższej jakości, świeżo palone, zmielone ziarna z różnych zakątków świata. Pozwala to przygotować pojedynczą porcję około 185 ml naparu - wystarczy gorąca woda i kubek. Pyszna kawa w każdych warunkach, w podróży i w domu - szybko, łatwo i bez specjalnego sprzętu.
 ",100% Arabica,Honduras,11.0,409.0909090909091
621,https://www.coffeedesk.pl/product/9581/Bagdrip-Honduras-Box-8-Saszetek,31.5,8 x 11g,,Drip (Metody alternatywne),light,ground,"Bagdrip to kawa i specjalny filtr, który możesz zawiesić na swój kubek. W środku najwyższej jakości, świeżo palone, zmielone ziarna z różnych zakątków świata. Pozwala to przygotować pojedynczą porcję około 185 ml naparu - wystarczy gorąca woda i kubek. Pyszna kawa w każdych warunkach, w podróży i w domu - szybko, łatwo i bez specjalnego sprzętu.
 ",100% Arabica,Honduras,88.0,357.9545454545455
622,https://www.coffeedesk.pl/product/9590/Bagdrip-Kenia-1-Saszetka,5.5,11 g,Washed,Drip (Metody alternatywne),light,ground,"Bagdrip to kawa i specjalny filtr, który możesz zawiesić na swój kubek. W środku najwyższej jakości, świeżo palone, zmielone ziarna z różnych zakątków świata. Pozwala to przygotować pojedynczą porcję około 185 ml naparu - wystarczy gorąca woda i kubek. Pyszna kawa w każdych warunkach, w podróży i w domu - szybko, łatwo i bez specjalnego sprzętu.
 ",100% Arabica,Kenia,11.0,500.0
623,https://www.coffeedesk.pl/product/9585/Bagdrip-Kenia-Box-8-Saszetek,38.5,8 x 11g,Washed,Drip (Metody alternatywne),light,ground,"Bagdrip to kawa i specjalny filtr, który możesz zawiesić na swój kubek. W środku najwyższej jakości, świeżo palone, zmielone ziarna z różnych zakątków świata. Pozwala to przygotować pojedynczą porcję około 185 ml naparu - wystarczy gorąca woda i kubek. Pyszna kawa w każdych warunkach, w podróży i w domu - szybko, łatwo i bez specjalnego sprzętu.
 ",100% Arabica,Kenia,88.0,437.5
624,https://www.coffeedesk.pl/product/9584/Bagdrip-Kolumbia-Box-8-Saszetek,35.0,8 x 11g,,Drip (Metody alternatywne),light,ground,"Bagdrip to kawa i specjalny filtr, który możesz zawiesić na swój kubek. W środku najwyższej jakości, świeżo palone, zmielone ziarna z różnych zakątków świata. Pozwala to przygotować pojedynczą porcję około 185 ml naparu - wystarczy gorąca woda i kubek. Pyszna kawa w każdych warunkach, w podróży i w domu - szybko, łatwo i bez specjalnego sprzętu.
 ",100% Arabica,Kolumbia,88.0,397.7272727272727
625,https://www.coffeedesk.pl/product/9586/Bagdrip-Mix-8-Saszetek,32.5,8 x 11g,,Drip (Metody alternatywne),light,ground,"Bagdrip to kawa i specjalny filtr, który możesz zawiesić na swój kubek. W środku najwyższej jakości, świeżo palone, zmielone ziarna z różnych zakątków świata. Pozwala to przygotować pojedynczą porcję około 185 ml naparu - wystarczy gorąca woda i kubek. Pyszna kawa w każdych warunkach, w podróży i w domu - szybko, łatwo i bez specjalnego sprzętu.
 ",100% Arabica,None,88.0,369.3181818181818
626,https://www.coffeedesk.pl/product/13962/Bialetti-Perfetto-Moka-Vanilia-250G,21.0,250 g,,espresso,dark,ground,"Bialetti Perfetto Moka Vanilia to włoska kawa mielona o ciemnym profilu palenia. Mieszanka składa się w 50% z Arabiki i w 50% z Robusty, a swój smak zawdzięcza dodatkowi aromatu i ekstraktu z wanilii. Intensywnie waniliowa, o lekkich nutach karmelu oraz gęstej teksturze.

Ze względu na grubość mielenia, kawa jest polecana szczególnie do kawiarki. Odpowiedni stopień mielenia pozwala łatwiej zaparzyć kawę w poprawny sposób. Woda przepływa przez zmieloną kawę w odpowiednim tempie, co przekłada się na poprawną ekstrakcję i napar o oczekiwanym smaku.",None,None,250.0,84.0
627,https://www.coffeedesk.pl/product/10130/Bialetti-Milano-500G,45.0,500 g,,espresso,dark,beans,"Bialetti Milano to włoska kawa ziarnista o ciemnym profilu palenia. To 100% Arabika o łagodnych nutach suszonych owoców, z kwiatowym aromatem i delikatną teksturą.

Ze względu na stopień palenia, kawa jest polecana szczególnie do espresso - sprawdzi się do ekspresów ciśnieniowych i kawiarek.",50/50,None,500.0,90.0
628,https://www.coffeedesk.pl/product/13947/Bialetti-Perfetto-Moka-Classico-250G,19.0,250 g,,espresso,dark,ground,"Bialetti Perfetto Moka Classico to kawa mielona o ciemnym profilu palenia. To 100% Arabika o intensywnym smaku, o wyczuwalnych nutach suszonych owoców oraz kwiatów.

Ze względu na grubość mielenia, kawa jest polecana szczególnie do kawiarki. Odpowiedni stopień mielenia pozwala łatwiej zaparzyć kawę w poprawny sposób. Woda przepływa przez zmieloną kawę w odpowiednim tempie, co przekłada się na poprawną ekstrakcję i napar o oczekiwanym smaku.",100% Arabica,None,250.0,76.0
629,https://www.coffeedesk.pl/product/13960/Bialetti-Perfetto-Moka-Delicato-250G,17.0,250 g,,espresso,medium,ground,"Bialetti Perfetto Moka Delicato to kawa mielona o średnim profilu palenia. To 100% Arabika o delikatnym smaku, o wyczuwalnych nutach orzecha laskowego oraz suszonych owoców.

Ze względu na grubość mielenia, kawa jest polecana szczególnie do kawiarki. Odpowiedni stopień mielenia pozwala łatwiej zaparzyć kawę w poprawny sposób. Woda przepływa przez zmieloną kawę w odpowiednim tempie, co przekłada się na poprawną ekstrakcję i napar o oczekiwanym smaku.",100% Arabica,None,250.0,68.0
630,https://www.coffeedesk.pl/product/13961/Bialetti-Perfetto-Moka-Intenso-250G,17.0,250 g,,espresso,dark,ground,"Bialetti Perfetto Moka Intenso to kawa mielona o ciemnym profilu palenia. Mieszanka robusty i arabiki o intensywnym smaku, o wyczuwalnych nutach kakao i pieczonego chleba.

Ze względu na grubość mielenia, kawa jest polecana szczególnie do kawiarki. Odpowiedni stopień mielenia pozwala łatwiej zaparzyć kawę w poprawny sposób. Woda przepływa przez zmieloną kawę w odpowiednim tempie, co przekłada się na poprawną ekstrakcję i napar o oczekiwanym smaku.",None,None,250.0,68.0
631,https://www.coffeedesk.pl/product/13963/Bialetti-Perfetto-Moka-Nocciola-250G,21.0,250 g,,espresso,dark,ground,"Bialetti Perfetto Moka Nocciola to włoska kawa mielona o ciemnym profilu palenia. Mieszanka składa się w 50% z Arabiki i w 50% z Robusty, a swój smak zawdzięcza dodatkowi aromatu i ekstraktu z orzechów laskowych.  Intensywnie orzechowa, słodka, o gęstej teksturze.

Ze względu na grubość mielenia, kawa jest polecana szczególnie do kawiarki. Odpowiedni stopień mielenia pozwala łatwiej zaparzyć kawę w poprawny sposób. Woda przepływa przez zmieloną kawę w odpowiednim tempie, co przekłada się na poprawną ekstrakcję i napar o oczekiwanym smaku.",50/50,None,250.0,84.0
632,https://www.coffeedesk.pl/product/10131/Bialetti-Roma-500G,45.0,500 g,,espresso,dark,beans,"Bialetti Roma to kawa ziarnista o ciemnym profilu palenia. Mieszanka składa się w 50% z Arabiki i w 50% z Robusty. Kawa o intensywnym smaku, o wyczuwalnych nutach czekolady, orzechów i suszonych owoców oraz o gładkiej teksturze.

Doskonała po posiłku. Ze względu na stopień palenia, kawa jest polecana szczególnie do espresso - sprawdzi się do ekspresów ciśnieniowych i kawiarek.",50/50,None,500.0,90.0
633,https://www.coffeedesk.pl/product/11772/Bonanza-Brazil-Santa-Lucia,62.0,250 g,Natural,"drip, espresso",medium,beans,"Kawa ziarnista jakości speciality z Brazylii, wypalana w berlińskiej Bonanza Coffee. Średnio palona, idealna do ekspresu przelewowego, dripa, Chemexa, AeroPressa, French Pressa oraz innych alternatywnych metod parzenia. W kawie wyczuwalne są nuty mlecznej czekolady, migdałów oraz czerwonych jabłek.",100% Arabica,Brazylia,250.0,248.0
634,https://www.coffeedesk.pl/product/17472/Caffe-Cannizzaro-Aroma-Intenso,65.9,1 kg,,espresso,dark,beans,"Aroma Intenso to kawa ziarnista z włoskiej palarni Caffè Cannizzaro. To mieszanka 30% Arabiki i 70% Robusty z Brazylii, Etiopii, Ugandy i Indii. Palona w ciemnym stopniu, sprawdzi się do ekspresów ciśnieniowych i kawiarek. Charakteryzuje się długim posmakiem, słodyczą karmelu i nutą pieczonego chleba.",30/70,None,1000.0,65.9
635,https://www.coffeedesk.pl/product/17469/Caffe-Cannizzaro-Elite,89.9,1 kg,,espresso,dark,beans,"Elite to kawa ziarnista z włoskiej palarni Caffè Cannizzaro. To 100% mieszanka Arabik z Brazylii, Etiopii, Kolumbii, Gwatemali i Indii. Palona w ciemnym stopniu, sprawdzi się do ekspresów ciśnieniowych i kawiarek. Charakteryzuje się złożonym smakiem, pełną teksturą i przyjemną kwaskowatością, zostawiającą świeży smak na języku.",100% Arabica,None,1000.0,89.9
636,https://www.coffeedesk.pl/product/17471/Caffe-Cannizzaro-Extra-Bar,79.9,1 kg,,espresso,dark,beans,"Extra Bar to kawa ziarnista z włoskiej palarni Caffè Cannizzaro. To mieszanka 60% Arabiki i 40% Robusty z Brazylii, Etiopii, Ugandy, Indonezji i Indii. Palona w ciemnym stopniu, sprawdzi się do ekspresów ciśnieniowych i kawiarek. Charakteryzuje się kremową konsystencją, łagodną kwasowością i naturalną słodyczą.",60/40,None,1000.0,79.9
637,https://www.coffeedesk.pl/product/17470/Caffe-Cannizzaro-Super,85.9,1 kg,,espresso,dark,beans,"Super to kawa ziarnista z włoskiej palarni Caffè Cannizzaro. To mieszanka 75% Arabiki i 25% Robusty z Brazylii, Etiopii, Kolumbii, Kongo, Indonezji i Indii. Palona w ciemnym stopniu, sprawdzi się do ekspresów ciśnieniowych i kawiarek. Charakteryzuje się kremową konsystencją i delikatnym aromatem owoców tropikalnych i kwiatów. Słodka, o lekkiej kwasowości.",75/25,None,1000.0,85.9
638,https://www.coffeedesk.pl/product/17473/Caffe-Cannizzaro-Vigorosa,59.9,1 kg,,espresso,dark,beans,"Vigorosa to kawa ziarnista z włoskiej palarni Caffè Cannizzaro. To mieszanka 10% Arabiki i 90% Robusty z Wietnamu, Indii, Ugandy i Brazylii. Palona w ciemnym stopniu, sprawdzi się do ekspresów ciśnieniowych i kawiarek. Charakteryzuje się intensywnym smakem i aromatem, sprawdzi się doskonale do kaw mlecznych.",10/90,None,1000.0,59.9
640,https://www.coffeedesk.pl/product/17001/Caffenation-Brazil-Ian-Taquaral-Espresso,40.0,250 g,Natural,espresso,medium,beans,"Kawa ziarnista jakości speciality pochodząca z Brazylii, wypalona w belgijskiej palarni Caffenation. Średnio palona, idealna pod espresso, sprawdzi się w ekspresach ciśnieniowych i kawiarkach. W smaku wyczuwalna jest kwasowość żurawiny oraz słodycz czerwonego jabłka.",100% Arabica,Brazylia,250.0,160.0
641,https://www.coffeedesk.pl/product/16622/Caffenation-Colombia-Huila-Bomba-De-Fruta,52.0,250 g,Natural,Drip (Metody alternatywne),light,beans,"Kawa ziarnista jakości speciality pochodząca z Kolumbii, wypalona w belgijskiej palarni Caffenation. Palona jasno, idealna do ekspresu przelewowego, dripa, Chemexa, AeroPressa, French Pressa oraz innych alternatywnych metod parzenia. W smaku wyczuwalne są nuty żelków.",100% Arabica,Kolumbia,250.0,208.0
642,https://www.coffeedesk.pl/product/7759/Caffenation-Decaf-Colombia-Cauca-Caldono-Sugar-Cane-Kawa-Bezkofeinowa,36.5,250 g,Washed,Drip (Metody alternatywne),light,beans,"Bezkofeinowa kawa ziarnista jakości speciality pochodząca z Kolumbii, wypalona w belgijskiej palarni Caffenation. Palona jasno, idealna do ekspresu przelewowego, dripa, Chemexa, AeroPressa, French Pressa, oraz innych alternatywnych metod parzenia. Słodka o czystym smaku i delikatnej owocowości.",100% Arabica,Kolumbia,250.0,146.0
645,https://www.coffeedesk.pl/product/17202/Caffenation-Peru-Cajamarca-Segundo-Estela-Vasquez-Natural-Macerated,55.0,250 g,Macerated Natural,Drip (Metody alternatywne),light,beans,"Kawa ziarnista jakości speciality pochodząca z Peru, wypalana przez belgijską palarnię Caffenation. Jasno palona, idealna do ekspresu przelewowego, dripa, Chemexa, AeroPressa, French Pressa oraz innych alternatywnych metod parzenia. W smaku wyczuwalne są nuty jagód, kakao oraz suszonych daktyli, z lekką dozą nut fermentacji przypominających ocet balsamiczny.",100% Arabica,Peru,250.0,220.0
647,https://www.coffeedesk.pl/product/2579/Caffenation-Roast-Ed-250G,34.0,250 g,,espresso,medium,beans,"Blend kaw ziarnistych jakości speciality z belgijskiej palarni Caffenation, wypalany w średnim stopniu pod espresso.

Mieszanka składa się z ziaren arabik jakości speciality:
- Etiopia Sidamo GR2
- Brazylia Red Diamond Natural
- Gwatemala Huehuetenango
- Rwanda Nyakizu",100% Arabica,None,250.0,136.0
650,https://www.coffeedesk.pl/product/16779/Casino-Mocca-Colombia-De-Cana-Decaf-Kawa-Bezkofeinowa,45.0,200 g,,Drip (Metody alternatywne),light,beans,"Bezkofeinowa kawa ziarnista jakości speciality pochodząca z Kolumbii, wypalona w węgierskiej palarni Casino Mocca. Palona jasno, idealna do ekspresu przelewowego, dripa, Chemexa, AeroPressa, French Pressa, oraz innych alternatywnych metod parzenia. W jej smaku pojawiają się nuty skórki pomarańczy, toffi oraz orzecha nerkowca.",100% Arabica,Kolumbia,200.0,225.0
651,https://www.coffeedesk.pl/product/17455/Casino-Mocca-Colombia-La-Aldea,48.0,200 g,Washed,Drip (Metody alternatywne),light,beans,"Kawa ziarnista jakości speciality pochodząca z Kolumbii, wypalona w węgierskiej palarni Casino Mocca. Palona jasno, idealna do ekspresu przelewowego, dripa, Chemexa, AeroPressa, French Pressa, oraz innych alternatywnych metod parzenia. W jej smaku pojawiają się nuty czerwonej porzeczki, pomidorów cherry oraz miętowej herbaty.",100% Arabica,Kolumbia,200.0,240.0
652,https://www.coffeedesk.pl/product/13235/Casino-Mocca-Indonesia-Kerinci,45.0,200 g,Natural,Drip (Metody alternatywne),light,beans,"Kawa ziarnista jakości speciality pochodząca z Indonezji, wypalona w węgierskiej palarni Casino Mocca.  Jasno palona, idealna do ekspresu przelewowego, dripa, Chemexa, AeroPressa oraz innych alternatywych metod parzenia. W smaku można wyczuć nuty fig, winogron oraz ciemnej czekolady.",100% Arabica,Indonezja,200.0,225.0
653,https://www.coffeedesk.pl/product/17458/Casino-Mocca-Peru-Cedros,42.0,200 g,Washed,Drip (Metody alternatywne),light,beans,"Kawa ziarnista jakości speciality pochodząca z Peru, wypalona w węgierskiej palarni Casino Mocca. Palona jasno, idealna do ekspresu przelewowego, dripa, Chemexa, AeroPressa, French Pressa, oraz innych alternatywnych metod parzenia. W jej smaku pojawiają się nuty zielonego jabłka, karmelu oraz migdałów.",100% Arabica,Peru,200.0,210.0
654,https://www.coffeedesk.pl/product/17021/Casino-Mocca-Rwanda-Mahembe,45.0,200 g,Washed,Drip (Metody alternatywne),light,beans,"Kawa ziarnista jakości speciality pochodząca z Rwandy, wypalona w węgierskiej palarni Casino Mocca. Palona jasno, idealna do ekspresu przelewowego, dripa, Chemexa, AeroPressa, French Pressa, oraz innych alternatywnych metod parzenia. W jej smaku pojawiają się nuty maliny, owoców dzikiej róży oraz cedru.",100% Arabica,Rwanda,200.0,225.0
655,https://www.coffeedesk.pl/product/17015/Cloud-Picker-Costa-Rica-San-Francisco,58.0,250 g,Natural,Drip (Metody alternatywne),light,capsules,"Kawa ziarnista jakości speciality pochodząca z Kostaryki, wypalona w irlandzkiej palarni Cloud Picker. Palona w jasnym stopniu, idealna do ekspresu przelewowego, dripa, Chemexa, AeroPressa oraz innych alternatywnych metod parzenia. W smaku wyczuwalne są nuty mango, rodzynek oraz pomarańczowego likieru.",100% Arabica,Kostaryka,250.0,232.0
656,https://www.coffeedesk.pl/product/17582/Cloud-Picker-Ethiopia-Arsosala,58.0,250 g,Washed,Drip (Metody alternatywne),light,beans,"Kawa ziarnista jakości speciality pochodząca z Etiopii, wypalona w irlandzkiej palarni Cloud Picker. Palona w jasnym stopniu, idealna do ekspresu przelewowego, dripa, Chemexa, AeroPressa oraz innych alternatywnych metod parzenia. W smaku mozna wyczuć nuty skórki pomarańczy, miodu oraz jaśminu.",100% Arabica,Etiopia,250.0,232.0
657,https://www.coffeedesk.pl/product/16006/Cloud-Picker-Guatemala-Mam,49.0,250 g,Washed,"drip, espresso",medium,beans,"Kawa ziarnista jakości speciality pochodząca z Gwatemali, wypalona w irlandzkiej palarni Cloud Picker. Palona w średnim stopniu, idealna do espresso, jak i do ekspresu przelewowego, dripa, Chemexa, AeroPressa oraz innych alternatywnych metod parzenia. W smaku wyczuwalne są nuty czekoladowych trufli, wiśni oraz orzechów laskowych.",100% Arabica,Gwatemala,250.0,196.0
658,https://www.coffeedesk.pl/product/17201/Coffee-Plant-Chiny-Yirong-Espresso,35.0,250 g,Washed,espresso,medium,beans,"Kawa ziarnista jakości speciality pochodząca z Chin, wypalana w polskiej palarni COFFEE PLANT. Palona w średnim stopniu, sprawdzi się w ekspresach ciśnieniowych i kawiarkach. W smaku wyczuwalne są nuty brązowego cukru, orzecha oraz jabłka.",100% Arabica,Chiny,250.0,140.0
659,https://www.coffeedesk.pl/product/17501/Coffee-Plant-Etiopia-Shantawene,59.0,250 g,Black Honey,Drip (Metody alternatywne),light,beans,"Kawa ziarnista jakości speciality pochodząca z Etiopii, wypalana w polskiej palarni COFFEE PLANT. Jasno palona, idealna do ekspresu przelewowego, dripa, Chemexa, AeroPressa, French Pressa, oraz innych alternatywnych metod parzenia. W smaku wyczuwalne są nuty czerwonej porzeczki, maliny, grejpfruta oraz jaśminu.",100% Arabica,Etiopia,250.0,236.0
660,https://www.coffeedesk.pl/product/17502/Coffee-Plant-Etiopia-Tabe-Burka,53.0,250 g,Washed,Drip (Metody alternatywne),light,beans,"Kawa ziarnista jakości speciality pochodząca z Etiopii, wypalana w polskiej palarni COFFEE PLANT. Jasno palona, idealna do ekspresu przelewowego, dripa, Chemexa, AeroPressa, French Pressa, oraz innych alternatywnych metod parzenia. W smaku wyczuwalne są nuty pomarańczy, kwiatów, wanilii oraz miodu.",100% Arabica,Etiopia,250.0,212.0
661,https://www.coffeedesk.pl/product/17197/Coffee-Plant-Kolumbia-Finca-La-Perla,55.0,250 g,Natural,Drip (Metody alternatywne),light,beans,"Kawa ziarnista jakości speciality pochodząca z Kolumbii, wypalana w polskiej palarni COFFEE PLANT. Jasno palona, idealna do ekspresu przelewowego, dripa, Chemexa, AeroPressa, French Pressa, oraz innych alternatywnych metod parzenia. W smaku wyczuwalne są nuty jagód, suszonych owoców, karmelu, czekolady, śliwek oraz winogron.",100% Arabica,Kolumbia,250.0,220.0
662,https://www.coffeedesk.pl/product/17498/Coffee-Plant-Kolumbia-Finca-San-Rafael-Espresso,32.0,250 g,Washed,espresso,medium,beans,"Kawa ziarnista jakości speciality pochodząca z Kolumbii, wypalona w polskiej palarni COFFEE PLANT. Palona w średnim stopniu, sprawdzi się w ekspresach ciśnieniowych i kawiarkach. W smaku wyczuwalne są nuty czekolady, migdałów, karmelu oraz orzecha włoskiego.",100% Arabica,Kolumbia,250.0,128.0
663,https://www.coffeedesk.pl/product/17499/Coffee-Plant-Kolumbia-Las-Flores,55.0,250 g,Washed,Drip (Metody alternatywne),light,beans,"Kawa ziarnista jakości speciality pochodząca z Kolumbii, wypalana w polskiej palarni COFFEE PLANT. Jasno palona, idealna do ekspresu przelewowego, dripa, Chemexa, AeroPressa, French Pressa, oraz innych alternatywnych metod parzenia. W smaku wyczuwalne są nuty jeżyn, wiśni, cytrusów oraz kwiatów.",100% Arabica,Kolumbia,250.0,220.0
664,https://www.coffeedesk.pl/product/16944/Coffeelab-Brazylia-Cemorrado-Chocolate-Edition,27.0,250 g,Natural,Drip (Metody alternatywne),light,beans,"Kawa ziarnista jakości speciality pochodząca z Brazylii, wypalona w warszawskiej palarni Coffeelab. Palona w jasnym stopniu, sprawdzi się zarówno do ekspresu ciśnieniowego oraz kawiarki, jak i do ekspresu przelewowego, dripa, Chemexa, AeroPressa, French Pressa i innych alternatywnych metod parzenia. W smaku pojawiają się nuty czekolady oraz nugatu.",100% Arabica,Brazylia,250.0,108.0
665,https://www.coffeedesk.pl/product/17188/Coffeelab-Brazylia-Cemorrado-Chocolate-Edition-Espresso-1Kg,102.0,1 kg,Natural,espresso,medium,beans,"Kawa ziarnista jakości speciality pochodząca z Brazylii, wypalona w warszawskiej palarni Coffeelab. Palona w średnim stopniu, sprawdzi się w ekspresach ciśnieniowych i kawiarkach. W smaku pojawiają się nuty czekolady oraz nugatu. Słodka, o pełnym body.",100% Arabica,Brazylia,1000.0,102.0
666,https://www.coffeedesk.pl/product/11879/Coffeelab-Brazylia-Cemorrado-Sweet-Edition-Espresso-1Kg,92.0,1 kg,Natural,espresso,medium,beans,"Kawa ziarnista jakości speciality pochodząca z Brazylii, wypalona w z warszawskiej palarni Coffeelab. Palona w średnim stopniu, przeznaczona do espresso - sprawdzi się w ekspresach ciśnieniowych i kawiarkach. W filiżance można oczekiwać gęstego body, długiej czekoladowej słodyczy, lekkich nut orzechów i pistacji.",100% Arabica,Brazylia,1000.0,92.0
667,https://www.coffeedesk.pl/product/15911/Coffeelab-Brazylia-Fazenda-Vale-De-Serra-Mokka-Espresso,27.0,250 g,Natural,espresso,medium,beans,"Kawa ziarnista jakości speciality pochodząca z Brazylii, wypalana w warszawskiej palarni Coffeelab. Palona w średnim stopniu, sprawdzi się w ekspresach ciśnieniowych i kawiarkach. W smaku wyczuwalne są nuty czekolady, orzechów laskowych oraz limonki.",100% Arabica,Brazylia,250.0,108.0
668,https://www.coffeedesk.pl/product/17190/Coffeelab-Brazylia-Fazenda-Vale-De-Serra-Mokka-Espresso-1Kg,109.0,1 kg,Natural,espresso,medium,beans,"Kawa ziarnista jakości speciality pochodząca z Brazylii, wypalana w warszawskiej palarni Coffeelab. Palona w średnim stopniu, sprawdzi się w ekspresach ciśnieniowych i kawiarkach. W smaku wyczuwalna jest słodycz orzecha laskowego i czekolady, przełamana delikatną nutą limonki.",100% Arabica,Brazylia,1000.0,109.0
669,https://www.coffeedesk.pl/product/14002/Coffeelab-Brazylia-Igarape-Rainforest-Espresso,25.0,250 g,Natural,espresso,medium,beans,,100% Arabica,Brazylia,250.0,100.0
670,https://www.coffeedesk.pl/product/17189/Coffeelab-Brazylia-Igarape-Rainforest-Espresso-1Kg,93.0,1 kg,Natural,espresso,medium,beans,"Kawa ziarnista jakości speciality pochodząca z Brazylii, wypalana w warszawskiej palarni Coffeelab. Palona w średnim stopniu, sprawdzi się w ekspresach ciśnieniowych i kawiarkach. W smaku przede wszystkim złożona słodycz - wyczuwalne są nuty mlecznej czekolady, orzechów oraz brązowego cukru.",100% Arabica,Brazylia,1000.0,93.0
671,https://www.coffeedesk.pl/product/2522/Coffeelab-Brazylia-Yellow-Bourbon-Fazenda-Rainha-Espresso,27.0,250 g,Pulped natural,espresso,medium,beans,"Kawa ziarnista jakości speciality pochodząca z Brazylii, wypalona w z warszawskiej palarni Coffeelab. Palona w średnim stopniu, przeznaczona do espresso - sprawdzi się w ekspresach ciśnieniowych i kawiarkach. Kawa o pełnym body, o nutach brązowego cukru, gorzkiej czekolady i czerwonej pomarańczy.",100% Arabica,Brazylia,250.0,108.0
672,https://www.coffeedesk.pl/product/17191/Coffeelab-Brazylia-Yellow-Bourbon-Fazenda-Rainha-Espresso-1Kg,102.0,1 kg,Pulped natural,espresso,medium,beans,"Kawa ziarnista jakości speciality pochodząca z Brazylii, wypalona w z warszawskiej palarni Coffeelab. Palona w średnim stopniu, przeznaczona do espresso - sprawdzi się w ekspresach ciśnieniowych i kawiarkach. Kawa o pełnym body, o nutach brązowego cukru, gorzkiej czekolady i czerwonej pomarańczy. Słodka i soczysta.",100% Arabica,Brazylia,1000.0,102.0
673,https://www.coffeedesk.pl/product/17349/Coffeelab-Chiny-Yirong-Yunnan,54.0,250 g,Washed,Drip (Metody alternatywne),light,beans,"Kawa ziarnista jakości speciality pochodząca z Chin, wypalona w warszawskiej palarni Coffeelab. Palona w średnim stopniu, idealna zarówno do ekspresu ciśnieniowego i kawiarki, jak i do ekspresu przelewowego, dripa, Chemexa, AeroPressa, French Pressa oraz innych alternatywnych metod parzenia. W smaku wyczuwalne są nuty czarnej herbaty, jabłek oraz brązowego cukru.",100% Arabica,Chiny,250.0,216.0
674,https://www.coffeedesk.pl/product/17494/Coffeelab-Etiopia-Kochere-Banco-Gotete,50.0,250 g,Washed,Drip (Metody alternatywne),light,beans,"Kawa ziarnista jakości speciality pochodząca z Etiopii, wypalona w warszawskiej palarni Coffeelab. Palona jasno, idealna do ekspresu przelewowego, dripa, Chemexa, AeroPressa, French Pressa oraz innych alternatywnych metod parzenia. Kawa o maślanym body, w jej smaku pojawiają się nuty lewandy, bergamotki oraz zielonego jabłka.",100% Arabica,Etiopia,250.0,200.0
675,https://www.coffeedesk.pl/product/17665/Coffeelab-Etiopia-Xaddicho-Berra,50.0,250 g,Natural,Drip (Metody alternatywne),light,beans,"Kawa ziarnista jakości speciality pochodząca z Etiopii, wypalona w warszawskiej palarni Coffeelab. Palona jasno, idealna do ekspresu przelewowego, dripa, Chemexa, AeroPressa, French Pressa oraz innych alternatywnych metod parzenia. Kawa o maślanym body, w jej smaku pojawiają się nuty maliny, pomarańczy oraz syropu brzozowego.",100% Arabica,Etiopia,250.0,200.0
676,https://www.coffeedesk.pl/product/16844/Coffeelab-Gwatemala-El-Coyegual,50.0,250 g,Washed,Drip (Metody alternatywne),light,beans,"Kawa ziarnista jakości speciality pochodząca z Gwatemali, wypalona w warszawskiej palarni Coffeelab. Palona jasno, idealna do ekspresu przelewowego, dripa, Chemexa, AeroPressa, French Pressa oraz innych alternatywnych metod parzenia. W smaku wyczuwalne są nuty mlecznej czekolady, orzechów laskowych oraz brązowego cukru.",100% Arabica,Gwatemala,250.0,200.0
677,https://www.coffeedesk.pl/product/16404/Coffeelab-Indonezja-Bali-Pupuan,50.0,250 g,Washed,Drip (Metody alternatywne),light,beans,"Kawa ziarnista jakości speciality pochodząca z Indonezji, wypalona w warszawskiej palarni Coffeelab. Palona jasno, idealna do ekspresu przelewowego, dripa, Chemexa, AeroPressa, French Pressa oraz innych alternatywnych metod parzenia. W smaku wyczuwalne są nuty brązowego cukru oraz owoców pestkowych.",100% Arabica,Indonezja,250.0,200.0
678,https://www.coffeedesk.pl/product/17387/Coffeelab-Kenia-Kabare-Konyu,54.0,250 g,Washed,Drip (Metody alternatywne),light,beans,"Kawa ziarnista jakości speciality pochodząca z Kenii, wypalona w warszawskiej palarni Coffeelab. Palona jasno, idealna do ekspresu przelewowego, dripa, Chemexa, AeroPressa, French Pressa oraz innych alternatywnych metod parzenia. W smaku wyczuwalne są nuty jagody, mandarynki oraz brązowego cukru.",100% Arabica,Kenia,250.0,216.0
679,https://www.coffeedesk.pl/product/17664/Coffeelab-Kostaryka-Santa-Rosa-Espresso-500G,90.0,500 g,Honey,espresso,medium,beans,"Kawa ziarnista jakości speciality pochodząca z Kostaryki, wypalana w warszawskiej palarni Coffeelab. Palona w średnim stopniu, sprawdzi się w ekspresach ciśnieniowych i kawiarkach. W smaku wyczuwalne są nuty miodu, czarnej wiśni oraz karmelu.",100% Arabica,Kostaryka,500.0,180.0
680,https://www.coffeedesk.pl/product/17666/Coffeelab-Myanmar-Ywangan,54.0,250 g,Washed,Drip (Metody alternatywne),light,beans,"Kawa ziarnista jakości speciality pochodząca z Mjanmy, wypalona w warszawskiej palarni Coffeelab. Palona w średnim stopniu, idealna zarówno do ekspresu ciśnieniowego i kawiarki, jak i do ekspresu przelewowego, dripa, Chemexa, AeroPressa, French Pressa oraz innych alternatywnych metod parzenia. W smaku wyczuwalne są nuty orzechów laskowych, ziół oraz suszonej moreli.",100% Arabica,Mjanma,250.0,216.0
685,https://www.coffeedesk.pl/product/13625/Diemme-Caffe-Miscela-Aromatica-200G,25.0,200 g,,espresso,dark,beans,"Aromatica to mieszanka arabiki i robusty dla miłośników wyraźnych smaków. Pełne body, wysoka kremowość, długo utrzymujący się, przyjemny posmak i delikatne nuty suszonych owoców i przypraw - to znajdziesz w filiżance. Świetnie sprawdzi się zarówno w przypadku kaw czarnych, jak i tych z dodatkiem mleka.",75/25,None,200.0,125.0
686,https://www.coffeedesk.pl/product/16337/Dobra-Palarnia-Kawy-Bardzo-Espresso-Blend-250G,32.0,250 g,,espresso,medium,beans,"Blend ziaren z Brazylii oraz Gwatemali, wypalony przez krakowską palarnię Dobra Palarnia Kawy. Kawa palona w średnim stopniu, przeznaczona do espresso - sprawdzi się w ekspresach ciśnieniowych i kawiarkach. W jej smaku możesz się spodziewać nut migdałów oraz czekolady.",100% Arabica,"Brazylia, Gwatemala",250.0,128.0
687,https://www.coffeedesk.pl/product/15619/Dobra-Palarnia-Kawy-Brazylia-Omniroast,28.0,250 g,Natural,"drip, espresso",medium,beans,"Kawa ziarnista speciality z Brazylii, wypalony przez krakowską palarnię Dobra Palarnia Kawy. Palona w średnim stopniu, przeznaczona zarówno do espresso, jak i do przelewowych metod parzenia. W jej smaku możesz się spodziewać nut marcepanu, wanilii i aronii.",100% Arabica,Brazylia,250.0,112.0
688,https://www.coffeedesk.pl/product/17452/Dobra-Palarnia-Kawy-Czesto-Espresso-Blend-1Kg,109.0,1 kg,,espresso,medium,beans,"Blend ziaren z Brazylii oraz Hondurasu, wypalony przez krakowską palarnię Dobra Palarnia Kawy. Kawa palona w średnim stopniu, przeznaczona do espresso - sprawdzi się w ekspresach ciśnieniowych i kawiarkach. W jej smaku możesz się spodziewać nut jabłek, kakao i prażonych orzechów.",100% Arabica,"Brazylia, Honduras",1000.0,109.0
689,https://www.coffeedesk.pl/product/16338/Dobra-Palarnia-Kawy-Czesto-Espresso-Blend-250G,30.0,250 g,,espresso,medium,beans,"Blend ziaren z Brazylii oraz Hondurasu, wypalony przez krakowską palarnię Dobra Palarnia Kawy. Kawa palona w średnim stopniu, przeznaczona do espresso - sprawdzi się w ekspresach ciśnieniowych i kawiarkach. W jej smaku możesz się spodziewać nut jabłek, kakao i prażonych orzechów.",100% Arabica,"Brazylia, Honduras",250.0,120.0
690,https://www.coffeedesk.pl/product/15620/Dobra-Palarnia-Kawy-Gwatemala-Ciemniej-Palona-Espresso,34.0,250 g,Washed,espresso,dark,beans,"Kawa ziarnista speciality z Gwatemali, wypalona przez krakowską palarnię Dobra Palarnia Kawy. Palona w ciemnym stopniu, przeznaczona do espresso - sprawdzi się w ekspresach ciśnieniowych i kawiarkach. W jej smaku możesz się spodziewać nut czekolady, kandyzowanej pomarańczy oraz orzechów.",100% Arabica,Gwatemala,250.0,136.0
691,https://www.coffeedesk.pl/product/12266/Dobra-Palarnia-Kawy-Gwatemala-Huehuetenango,35.0,250 g,Washed,Drip (Metody alternatywne),light,beans,"Kawa ziarnista jakości speciality pochodząca z Gwatemali, wypalona w krakowskiej Dobrej Palarni Kawy. Palona jasno, idealna do ekspresu przelewowego, dripa, Chemexa, AeroPressa, French Pressa, oraz innych alternatywnych metod parzenia. W smaku wyczuwalne są owocowe nuty czerwonego grejpfruta, wraz ze słodyczą nugatu oraz czekolady.",100% Arabica,Gwatemala,250.0,140.0
692,https://www.coffeedesk.pl/product/17277/Dobra-Palarnia-Kawy-Kolumbia-Sierra-Nevada,40.0,250 g,Washed,Drip (Metody alternatywne),light,beans,"Kawa ziarnista jakości speciality pochodząca z Kolumbii, wypalona w krakowskiej Dobrej Palarni Kawy. Palona jasno, idealna do ekspresu przelewowego, dripa, Chemexa, AeroPressa, French Pressa, oraz innych alternatywnych metod parzenia. W smaku wyczuwalne są owocowe nuty jabłka i moreli, wraz ze słodyczą cukru trzcinowego.",100% Arabica,Kolumbia,250.0,160.0
693,https://www.coffeedesk.pl/product/16339/Dobra-Palarnia-Kawy-Kostaryka-Finca-Los-Hermanos,55.0,250 g,Red Honey,Drip (Metody alternatywne),light,beans,"Kawa ziarnista jakości speciality pochodząca z Kostaryki, wypalona w krakowskiej Dobrej Palarni Kawy. Palona jasno, idealna do ekspresu przelewowego, dripa, Chemexa, AeroPressa, French Pressa, oraz innych alternatywnych metod parzenia. W smaku wyczuwalne są owocowe nuty jabłka i brzoskwini oraz czarnej herbaty.",100% Arabica,Kostaryka,250.0,220.0
694,https://www.coffeedesk.pl/product/16817/Dobra-Palarnia-Kawy-Rwanda-Abakundakawa,51.0,250 g,Washed,Drip (Metody alternatywne),light,beans,"Kawa ziarnista jakości speciality pochodząca z Rwandy, wypalona w krakowskiej Dobrej Palarni Kawy. Palona jasno, idealna do ekspresu przelewowego, dripa, Chemexa, AeroPressa, French Pressa, oraz innych alternatywnych metod parzenia. W smaku wyczuwalne są nuty kruszonki, czarnej herbaty oraz daktyli.",100% Arabica,Rwanda,250.0,204.0
695,https://www.coffeedesk.pl/product/16816/Dobra-Palarnia-Kawy-Rwanda-Fugi-Inatago-Natural-60H,70.0,250 g,Natural,Drip (Metody alternatywne),light,beans,"Kawa ziarnista jakości speciality pochodząca z Rwandy, wypalona w krakowskiej Dobrej Palarni Kawy. Palona jasno, idealna do ekspresu przelewowego, dripa, Chemexa, AeroPressa, French Pressa, oraz innych alternatywnych metod parzenia. W smaku wyczuwalne są nuty delicji, wiśni, jeżyn, pomelo oraz fig.",100% Arabica,Rwanda,250.0,280.0
696,https://www.coffeedesk.pl/product/13484/Dobra-Palarnia-Kawy-Uganda-Mwezi,35.0,250 g,Natural,espresso,medium,beans,"Kawa ziarnista jakości speciality pochodząca z Ugandy, wypalona w krakowskiej Dobrej Palarni Kawy. Palona średnio, idealna do ekspresu ciśnieniowego i kawiarki. W smaku wyczuwalne są słodkie nuty śliwki, kakao, truskawki oraz winogrona.",100% Arabica,Uganda,250.0,140.0
697,https://www.coffeedesk.pl/product/17454/Dobra-Palarnia-Kawy-Zawsze-Espresso-Blend-1Kg,110.0,1 kg,,espresso,medium,beans,"Blend ziaren z Brazylii oraz Ugandy, wypalony przez krakowską palarnię Dobra Palarnia Kawy. Palona w średnim stopniu, przeznaczona do espresso - sprawdzi się w ekspresach ciśnieniowych i kawiarkach. W jej smaku możesz się spodziewać nut marcepanu, śliwki i ciemnej czekolady.",100% Arabica,"Brazylia, Uganda",1000.0,110.0
698,https://www.coffeedesk.pl/product/15618/Dobra-Palarnia-Kawy-Zawsze-Espresso-Blend-250G,30.0,250 g,Natural,espresso,medium,beans,"Blend ziaren z Brazylii oraz Ugandy, wypalony przez krakowską palarnię Dobra Palarnia Kawy. Palona w średnim stopniu, przeznaczona do espresso - sprawdzi się w ekspresach ciśnieniowych i kawiarkach. W jej smaku możesz się spodziewać nut marcepanu, śliwki i ciemnej czekolady.",100% Arabica,"Brazylia, Uganda",250.0,120.0
699,https://www.coffeedesk.pl/product/15654/Dutch-Barista-Brazil-Bota-Fora,30.0,250 g,Honey,Drip (Metody alternatywne),light,beans,"Kawa ziarnista jakości speciality z Brazylii, wypalona w holenderskiej palarni Dutch Barista. Palona jasno, idealna do ekspresu przelewowego, dripa, Chemexa, AeroPressa, French Pressa oraz innych alternatywnych metod parzenia. W jej smaku pojawiają się nuty karmelu, śmietanki i wanilii.",100% Arabica,Brazylia,250.0,120.0
700,https://www.coffeedesk.pl/product/8716/Dutch-Barista-Brazil-Carmo-De-Minas-Filter,30.0,250 g,Pulped natural,Drip (Metody alternatywne),light,beans,"Kawa ziarnista jakości speciality z Brazylii, wypalona w holenderskiej palarni Dutch Barista. Palona jasno, idealna do ekspresu przelewowego, dripa, Chemexa, AeroPressa, French Pressa oraz innych alternatywnych metod parzenia. Kawa o naturalnych nutach owoców pestkowych, żółtych jabłek, cynamonu i orzechów laskowych.",100% Arabica,Brazylia,250.0,120.0
701,https://www.coffeedesk.pl/product/17386/Dutch-Barista-Burundi-Kibingo,42.0,250 g,Washed,Drip (Metody alternatywne),light,beans,"Kawa ziarnista jakości speciality z Burundi, wypalona w holenderskiej palarni Dutch Barista. Palona jasno, idealna do ekspresu przelewowego, dripa, Chemexa, AeroPressa, French Pressa, oraz innych alternatywnych metod parzenia. W smaku mocno owocowa.",100% Arabica,Burundi,250.0,168.0
702,https://www.coffeedesk.pl/product/11863/Dutch-Barista-Costa-Rica-El-Pilon,44.0,250 g,Natural,Drip (Metody alternatywne),light,beans,"Kawa ziarnista jakości speciality z Kostaryki, wypalona w holenderskiej palarni Dutch Barista. Palona jasno, idealna do ekspresu przelewowego, dripa, Chemexa, AeroPressa, French Pressa, oraz innych alternatywnych metod parzenia. W jej smaku pojawia się nuta truskawki i pieczonego chleba.",100% Arabica,Kostaryka,250.0,176.0
703,https://www.coffeedesk.pl/product/10921/Dutch-Barista-Guatemala-Amatillo,30.0,250 g,Washed,Drip (Metody alternatywne),light,beans,"Kawa ziarnista jakości speciality pochodząca z Gwatemali, wypalana przez holenderską palarnię Dutch Barista. Jasno palona, idealna do ekspresu przelewowego, dripa, Chemexa, AeroPressa, French Pressa oraz innych alternatywnych metod parzenia. W smaku wyczuwalne są nuty orzechów, cukru pudru, czekolady oraz zielonych jabłek.",100% Arabica,Gwatemala,250.0,120.0
704,https://www.coffeedesk.pl/product/16833/Dutch-Barista-Guatemala-Santa-Ana-Geisha,72.0,250 g,Natural,Drip (Metody alternatywne),light,beans,"Kawa ziarnista jakości speciality z Gwatemali, wypalona w holenderskiej palarni Dutch Barista. Palona jasno, idealna do ekspresu przelewowego, dripa, Chemexa, AeroPressa, French Pressa, oraz innych alternatywnych metod parzenia. W jej smaku można wyczuć nutę owoców.",100% Arabica,Gwatemala,250.0,288.0
705,https://www.coffeedesk.pl/product/11195/Dutch-Barista-Guatemala-Santa-Ana-Natural,39.0,250 g,Natural,Drip (Metody alternatywne),light,beans,"Kawa ziarnista jakości speciality z Gwatemali, wypalona w holenderskiej palarni Dutch Barista. Palona jasno, idealna do ekspresu przelewowego, dripa, Chemexa, AeroPressa, French Pressa, oraz innych alternatywnych metod parzenia. W smaku tej kawy wyczujesz nuty ciemnych owoców, słodycz rodzynek, rumu i miodu oraz świeże nuty syropu jabłkowego, mandarynek i ciemnych winogron.",100% Arabica,Gwatemala,250.0,156.0
706,https://www.coffeedesk.pl/product/16150/Dutch-Barista-Honduras-Orellana,42.0,250 g,Honey,Drip (Metody alternatywne),light,beans,"Kawa ziarnista jakości speciality z Hondurasu, wypalona w holenderskiej palarni Dutch Barista. Palona jasno, idealna do ekspresu przelewowego, dripa, Chemexa, AeroPressa, French Pressa, oraz innych alternatywnych metod parzenia. W smaku tej kawy wyczujesz nuty białych winogron, zielonych jabłek oraz grejpfruta.",100% Arabica,Honduras,250.0,168.0
707,https://www.coffeedesk.pl/product/16611/Dutch-Barista-Indonesia-Koerintji-Barokah-Bersama,43.0,250 g,Washed,Drip (Metody alternatywne),light,beans,"Kawa ziarnista jakości speciality z Indonezji, wypalona w holenderskiej palarni Dutch Barista. Palona jasno, idealna do ekspresu przelewowego, dripa, Chemexa, AeroPressa, French Pressa, oraz innych alternatywnych metod parzenia. W jej smaku można wyczuć nutę lemoniady agrestowej, zielonej herbaty, wanilii oraz trawy cytrynowej.",100% Arabica,Indonezja,250.0,172.0
708,https://www.coffeedesk.pl/product/17247/Dutch-Barista-Peru-Decaf-Kawa-Bezkofeinowa,40.0,250 g,Washed,Drip (Metody alternatywne),light,beans,"Bezkofeinowa kawa ziarnista jakości speciality pochodząca z Peru, wypalana przez holenderską palarnię Dutch Barista. Jasno palona, idealna do ekspresu przelewowego, dripa, Chemexa, AeroPressa, French Pressa oraz innych alternatywnych metod parzenia.",100% Arabica,Peru,250.0,160.0
709,https://www.coffeedesk.pl/product/11037/Etno-Cafe-Guatemala-Huehuetenango-Omniroast-250G,32.0,250 g,Washed,"drip, espresso",medium,beans,"Kawa ziarnista pochodząca z Gwatemali, wypalana w polskiej palarni Etno Cafe. Palona w średnim stopniu, sprawdzi się przede wszytkim do espresso, jak i do ekspresu przelewowego, dripa, Chemexa, AeroPressa, French Pressa oraz innych alternatywnych metod parzenia. W kawie można wyczuć nuty mlecznej czekolady oraz syropu klonowego.",100% Arabica,Gwatemala,250.0,128.0
710,https://www.coffeedesk.pl/product/11038/Etno-Cafe-Indonesia-Mandheling-250G,35.0,250 g,Wet-hulling,"drip, espresso",medium,beans,"Kawa ziarnista pochodząca z Indonezji, wypalana w polskiej palarni Etno Cafe. Palona średnio, idealna do ekspresu przelewowego, dripa, Chemexa, AeroPressa, French Pressa oraz innych alternatywnych metod parzenia, jak i pod espresso. W kawie można wyczuć nuty przypraw, czekolady oraz tytoniu.",100% Arabica,Indonezja,250.0,140.0
712,https://www.coffeedesk.pl/product/8784/Father-S-Coffee-Brazil-Paubrasil-Espresso,39.0,300 g,Natural,espresso,medium,beans,"Kawa ziarnista jakości speciality pochodząca z Brazylii, wypalona w czeskiej palarni Father's Coffee. Palona w średnim stopniu, przeznaczona do espresso - doskonale sprawdzi się w ekspresach ciśnieniowych i kawiarkach. W smaku dominuje słodycz, a kwasowość jest na niskim poziomie - można wyczuć naturalne nuty przypominające orzechy pekan, ciastka maślane i kakao.",100% Arabica,Brazylia,300.0,130.0
713,https://www.coffeedesk.pl/product/15851/Father-S-Coffee-Ethiopia-Bombe,65.0,300 g,Washed,Drip (Metody alternatywne),light,beans,"Kawa ziarnista jakości speciality pochodząca z Etiopii, wypalona w czeskiej palarni Father's Coffee.  Palona jasno, idealna do ekspresu przelewowego, dripa, Chemexa, AeroPressa oraz innych alternatywnych metod parzenia. W smaku wyczuwalne są nuty moreli, jaśminu, bergamotki oraz czarnej herbaty z miodem.",100% Arabica,Etiopia,300.0,216.66666666666669
714,https://www.coffeedesk.pl/product/16279/Father-S-Coffee-Peru-El-Paraiso,52.0,300 g,Washed,Drip (Metody alternatywne),light,beans,"Kawa ziarnista jakości speciality pochodząca z Peru, wypalona w czeskiej palarni Father's Coffee.  Palona jasno, idealna do ekspresu przelewowego, dripa, Chemexa, AeroPressa oraz innych alternatywnych metod parzenia. W smaku wyczuwalne są nuty herbaty owocowej, cukru trzcinowego i gałki muszkatołowej, z maślanym finiszem.",100% Arabica,Peru,300.0,173.33333333333334
715,https://www.coffeedesk.pl/product/17017/Father-S-Coffee-Peru-Elvis,70.0,300 g,Macerated Natural,Drip (Metody alternatywne),light,beans,"Kawa ziarnista jakości speciality pochodząca z Peru, wypalona w czeskiej palarni Father's Coffee.  Palona jasno, idealna do ekspresu przelewowego, dripa, Chemexa, AeroPressa oraz innych alternatywnych metod parzenia. W smaku wyczuwalne są nuty kiwi, cynamonu, nerkowców oraz melasy.",100% Arabica,Peru,300.0,233.33333333333334
716,https://www.coffeedesk.pl/product/17016/Father-S-Coffee-Peru-Presbitero,67.0,300 g,Natural,Drip (Metody alternatywne),light,beans,"Kawa ziarnista jakości speciality pochodząca z Peru, wypalona w czeskiej palarni Father's Coffee.  Palona jasno, idealna do ekspresu przelewowego, dripa, Chemexa, AeroPressa oraz innych alternatywnych metod parzenia. W smaku wyczuwalne są nuty waty cukrowej, żółtych owoców oraz kakao, pojawia się też kwasowość.",100% Arabica,Peru,300.0,223.33333333333331
717,https://www.coffeedesk.pl/product/11328/Father-S-Coffee-Rwanda-Tumba,59.0,300 g,Washed,Drip (Metody alternatywne),light,beans,"Kawa ziarnista jakości speciality pochodząca z Rwandy, wypalona w czeskiej palarni Father's Coffee.  Palona jasno, idealna do ekspresu przelewowego, dripa, Chemexa, AeroPressa oraz innych alternatywnych metod parzenia. W smaku wyczuwalne są nuty ananasa, wanilii, kwiatów i mlecznej czekolady.",100% Arabica,Rwanda,300.0,196.66666666666666
1077,https://www.coffeedesk.pl/product/12125/Figa-Coffee-Brazylia-San-Rafael,34.0,250 g,Natural,Drip (Metody alternatywne),light,beans,"Kawa ziarnista jakości speciality pochodząca z Brazylii, wypalona w wrocławskiej palarni Figa Coffee. Palona jasno, idealna do ekspresu przelewowego, dripa, Chemexa, AeroPressa, French Pressa, oraz innych alternatywnych metod parzenia. W smaku wyczuwalna jest złożona słodycz o nutach zbliżonych do rodzynek, karmelu, czekolady oraz migdałów.",100% Arabica,Brazylia,250.0,136.0
1078,https://www.coffeedesk.pl/product/17249/Figa-Coffee-Brazylia-San-Rafael-Espresso,33.0,250 g,Natural,espresso,medium,beans,"Kawa ziarnista jakości speciality pochodząca z Brazylii, wypalona we wrocławskiej palarni Figa Coffee. Średnio palona, idealna do ekspresu ciśnieniowego i kawiarki. W smaku wyczuwalne są nuty czekolady, migdałów, karmelu oraz rodzynek.",100% Arabica,Brazylia,250.0,132.0
1079,https://www.coffeedesk.pl/product/17450/Figa-Coffee-Etiopia-Hafursa,51.0,250 g,Washed,Drip (Metody alternatywne),light,beans,"Kawa ziarnista jakości speciality pochodząca z Etiopii, wypalona we wrocławskiej palarni Figa Coffee. Palona jasno, idealna do ekspresu przelewowego, dripa, Chemexa, AeroPressa, French Pressa, oraz innych alternatywnych metod parzenia. W smaku wyczuwalne są nuty bergamotki, brzoskwini, czekolady oraz cytryny.",100% Arabica,Etiopia,250.0,204.0
1080,https://www.coffeedesk.pl/product/17585/Figa-Coffee-Gwatemala-La-Bolsa,53.0,250 g,Washed,Drip (Metody alternatywne),light,beans,"Kawa ziarnista jakości speciality pochodząca z Gwatemali, wypalona w wrocławskiej palarni Figa Coffee. Palona jasno, idealna do ekspresu przelewowego, dripa, Chemexa, AeroPressa, French Pressa, oraz innych alternatywnych metod parzenia. W smaku wyczuwalne są nuty pomarańczy, brzoskwini oraz mlecznej czekolady. ",100% Arabica,Gwatemala,250.0,212.0
1081,https://www.coffeedesk.pl/product/17658/Figa-Coffee-Kenia-Kibirigwi-Kiangai,67.0,250 g,Washed,Drip (Metody alternatywne),light,beans,"Kawa ziarnista jakości speciality pochodząca z Kenii, wypalona w wrocławskiej palarni Figa Coffee. Palona jasno, idealna do ekspresu przelewowego, dripa, Chemexa, AeroPressa, French Pressa, oraz innych alternatywnych metod parzenia. W smaku wyczuwalne są nuty grejpfruta, rabarbaru oraz syropu klonowego.",100% Arabica,Kenia,250.0,268.0
1082,https://www.coffeedesk.pl/product/17468/Figa-Coffee-Kokodzambo-Espresso,40.0,250 g,Washed i natural,espresso,medium,beans,"Kawa ziarnista jakości speciality pochodząca z Brazylii oraz Tanzanii, wypalona we wrocławskiej palarni Figa Coffee. Średnio palona, idealna do ekspresu ciśnieniowego i kawiarki. W smaku wyczuwalne są nuty czekolady oraz owoców.",100% Arabica,"Brazylia, Tanzania",250.0,160.0
1083,https://www.coffeedesk.pl/product/16336/Figa-Coffee-Kolumbia-Caicedo,50.0,250 g,Washed,Drip (Metody alternatywne),light,beans,"Kawa ziarnista jakości speciality pochodząca z Kolumbii, wypalona w wrocławskiej palarni Figa Coffee. Palona jasno, idealna do ekspresu przelewowego, dripa, Chemexa, AeroPressa, French Pressa, oraz innych alternatywnych metod parzenia. W smaku wyczuwalne są nuty rodzynek, malin oraz słodkich pomarańczy. ",100% Arabica,Kolumbia,250.0,200.0
1084,https://www.coffeedesk.pl/product/13806/Figa-Coffee-Meksyk-Chabela-Decaf-Kawa-Bezkofeinowa,42.0,250 g,,"drip, espresso",medium,beans,"Kawa ziarnista bezkofeinowa jakości speciality pochodząca z Meksyku, wypalona w wrocławskiej palarni Figa Coffee. Średnio palona, idealna do ekspresu przelewowego, dripa, Chemexa, AeroPressa, French Pressa, oraz innych alternatywnych metod parzenia, jak i pod espresso. W smaku wyczuwalna są nuty czekolady, orzechów oraz przypraw.
 ",100% Arabica,Meksyk,250.0,168.0
1085,https://www.coffeedesk.pl/product/16834/Figa-Coffee-Rwanda-Bwenda-Lot-577,55.0,250 g,Natural,Drip (Metody alternatywne),light,beans,"Kawa ziarnista jakości speciality pochodząca z Rwandy, wypalona w wrocławskiej palarni Figa Coffee. Palona jasno, idealna do ekspresu przelewowego, dripa, Chemexa, AeroPressa, French Pressa, oraz innych alternatywnych metod parzenia. W smaku wyczuwalne są nuty przypraw, ciemnej czekolady, grejpfruta, czereśni oraz śliwki.",100% Arabica,Rwanda,250.0,220.0
1086,https://www.coffeedesk.pl/product/16815/Figa-Coffee-Rwanda-Karambi,55.0,250 g,Washed,Drip (Metody alternatywne),light,beans,"Kawa ziarnista jakości speciality pochodząca z Rwandy, wypalona w wrocławskiej palarni Figa Coffee. Palona jasno, idealna do ekspresu przelewowego, dripa, Chemexa, AeroPressa, French Pressa, oraz innych alternatywnych metod parzenia. W smaku wyczuwalne są nuty przypraw, karmelu oraz pomarańczy.",100% Arabica,Rwanda,250.0,220.0
1087,https://www.coffeedesk.pl/product/17365/Five-Elephant-Brazil-Sitio-Boa-Vista-Yellow-Bourbon,58.0,250 g,Yellow Bourbon,Drip (Metody alternatywne),light,beans,"Kawa ziarnista jakości speciality pochodząca z Brazylii, wypalona przez berlińską palarnię Five Elephant. Palona jasno, idealna do ekspresu przelewowego, dripa, Chemexa, AeroPressa, French Pressa, oraz innych alternatywnych metod parzenia. W smaku wyczuwalne są nuty lawendy, orzechów pekan oraz owocu karamboli.",100% Arabica,Brazylia,250.0,232.0
1088,https://www.coffeedesk.pl/product/6525/Five-Elephant-Colombia-Decaf-Omniroast-Kawa-Bezkofeinowa,51.0,250 g,Washed,"drip, espresso",medium,beans,"Bezkofeinowa kawa ziarnista jakości speciality pochodząca z Kolumbii, wypalona w berlińskiej palarni Five Elephant. Palona w średnim stopniu, przeznaczona zarówno do przelewowych metod parzenia, jak i do espresso. Dobrze zbalansowana pod kątem nut słodkich i owocowych. Wyczuwalny łagodny smak jabłek, orzechów laskowych i białych winogron. ",100% Arabica,Kolumbia,250.0,204.0
1089,https://www.coffeedesk.pl/product/10523/Five-Elephant-El-Salvador-La-Cancha,70.0,250 g,Natural,Drip (Metody alternatywne),light,beans,"Kawa ziarnista jakości speciality z Salwadoru, wypalona w berlińskiej palarni Five Elephant. Jasno palona, idealna do ekspresu przelewowego, dripa, Chemexa, AeroPressa, French Pressa, oraz innych alternatywnych metod parzenia. Charakteryzuje się złożonym smakiem przypominającym sok z czerwonych winogron, kwiaty czarnego bzu oraz wanilię.",100% Arabica,Salwador,250.0,280.0
1090,https://www.coffeedesk.pl/product/16368/Five-Elephant-House-Blend-Filter-1Kg,159.0,1 kg,,Drip (Metody alternatywne),light,beans,"Blend kaw ziarnistych jakości speciality z Brazylii i Kenii, wypalony przez berlińską palarnię Five Elephant. Kawa palona jasno, idealna do ekspresu przelewowego, dripa, Chemexa, AeroPressa, French Pressa, oraz innych alternatywnych metod parzenia. W smaku wyczuwalne są nuty czekolady, orzechów oraz karmelu, z niską kwasowością.

House Blend to z założenia kawa o klasycznym smaku, która jest łatwa do zaparzenia i oferuje wysoką jakość. Pochodzi z plantacji, które od wielu lat współpracują z palarnią Five Elephant.",100% Arabica,"Brazylia, Kenia",1000.0,159.0
1091,https://www.coffeedesk.pl/product/11192/Five-Elephant-Kenya-Kamagogo-Aa,64.0,250 g,Washed,Drip (Metody alternatywne),light,beans,"Kawa ziarnista  jakości speciality z Kenii, wypalona w niemieckiej palarni Five Elephant. Palona jasno, sprawdzi się pod wszelkie przelewowe metody parzenia - od dripa, przez Chemex, AeroPress, French Press, inne alternatywne metody parzenia, aż po ekspresy przelewowe! W smaku są wyczuwalne nuty suszonej żurawiny, czerwonych winogron oraz hibiskusa.",100% Arabica,Kenia,250.0,256.0
1092,https://www.coffeedesk.pl/product/17434/Fjord-Brazil-Fazenda-Mirante,57.0,250 g,Honey + Anaerobic,,light,beans,"Kawa ziarnista jakości speciality pochodząca z Brazylii, wypalana przez niemiecką palarnię Fjord. Palona jasno, idealna do ekspresu przelewowego, dripa, Chemexa, AeroPressa, French Pressa, oraz innych alternatywnych metod parzenia. W smaku są wyczuwalne nuty lodów waniliowych, orzechów laskowych oraz masła orzechowego z dżemem.

Wyjątkową cechą tego ziarna jest metoda obróbki. Jednym z jej etapów jest 72-godzinna fermentacja w zbiornikach z wodą i marakują, co przekłada się na złożony smak kawy.",100% Arabica,Brazylia,250.0,228.0
1093,https://www.coffeedesk.pl/product/15849/Fjord-Brazil-Fazenda-Serrinha-Filter,49.0,250 g,Natural,Drip (Metody alternatywne),light,beans,"Kawa ziarnista jakości speciality pochodząca z Brazylii, wypalana przez niemiecką palarnię Fjord. Palona jasno, idealna do ekspresu przelewowego, dripa, Chemexa, AeroPressa, French Pressa, oraz innych alternatywnych metod parzenia. W smaku są wyczuwalne nuty żółtych owoców, mlecznej czekolady oraz pralin.",100% Arabica,Brazylia,250.0,196.0
1094,https://www.coffeedesk.pl/product/17173/Fjord-Colombia-Libertador,58.0,250 g,Washed,Drip (Metody alternatywne),light,beans,"Kawa ziarnista jakości speciality pochodząca z Kolumbii, wypalana przez niemiecką palarnię Fjord. Palona jasno, idealna do ekspresu przelewowego, dripa, Chemexa, AeroPressa, French Pressa, oraz innych alternatywnych metod parzenia. W smaku są wyczuwalne nuty pomarańczy, rodzynek oraz agrestu.",100% Arabica,Kolumbia,250.0,232.0
1095,https://www.coffeedesk.pl/product/12832/Gardelli-Speciality-Coffees-Colombia-Villamaria-Decaf-Kawa-Bezkofeinowa,57.0,250 g,Natural,"drip, espresso",medium,beans,"Bezkofeinowa kawa ziarnista jakości speciality pochodząca z Kolumbii, wypalana przez Rubensa Gardelliego, Mistrza Świata w wypalaniu kawy w 2017 roku. Palona w średnim stopniu, sprawdzi się zarówno do przelewowych metod parzenia, jak i espresso. W smaku wyczuwalne są nuty brązowego cukru, guawy, miodu oraz kakao.

Kawa bezkofeinowa produkowana bez użycia sztucznych substancji chemicznych. W celu pozbawienia kofeiny, ziarno jest płukane wodą wysokiej jakości z dodatkiem octanu etylu, naturalnej substancji pozyskiwanej z cukru.",100% Arabica,Kolumbia,250.0,228.0
1096,https://www.coffeedesk.pl/product/9552/Gardelli-Speciality-Coffees-Ethiopia-Banko-Gotiti,59.0,250 g,Washed,"drip, espresso",medium,beans,"Kawa ziarnista jakości speciality pochodząca z Etiopii, wypalana przez Rubensa Gardelliego, Mistrza Świata w wypalaniu kawy w 2017 roku. Palona w średnim stopniu, sprawdzi się zarówno do przelewowych metod parzenia, jak i espresso. Kawa charakteryzuje się delikatnym aromatem jaśminu, łagodnym smakiem pomarańczy, czarne porzeczki i herbaty Earl Grey.",100% Arabica,Etiopia,250.0,236.0
1097,https://www.coffeedesk.pl/product/17663/Gardelli-Specialty-Coffees-Rwanda-Gatare,64.0,250 g,Natural,"drip, espresso",medium,beans,"Kawa ziarnista jakości speciality pochodząca z Rwandy, wypalana przez Rubensa Gardelliego, Mistrza Świata w wypalaniu kawy w 2017 roku. Palona w średnim stopniu, sprawdzi się zarówno do przelewowych metod parzenia, jak i espresso. W smaku wyczuwalne są nuty karmelu, mango, kandyzowanej cytryny oraz jeżyny.",100% Arabica,Rwanda,250.0,256.0
1098,https://www.coffeedesk.pl/product/17670/Good-Coffee-Brazylia-Fazenda-Recanto,48.0,250 g,Washed,Drip (Metody alternatywne),light,beans,"Kawa ziarnista jakości speciality pochodząca z Brazylii, wypalona przez warszawską Good Coffee Micro Roasters. Palona jasno, idealna do ekspresu przelewowego, dripa, Chemexa, AeroPressa, French Pressa, oraz innych alternatywnych metod parzenia. W smaku wyczuwalne są nuty cynamonu, pieczonych jabłek, kruchych ciastek oraz czekolady.",100% Arabica,Brazylia,250.0,192.0
1099,https://www.coffeedesk.pl/product/17337/Good-Coffee-Rwanda-Intego,50.0,250 g,Natural,Drip (Metody alternatywne),light,beans,"Kawa ziarnista jakości speciality pochodząca z Rwandy, wypalona przez warszawską Good Coffee Micro Roasters. Palona jasno, idealna do ekspresu przelewowego, dripa, Chemexa, AeroPressa, French Pressa, oraz innych alternatywnych metod parzenia. W smaku wyczuwalne są nuty śliwek, ciemnej czekolady, mandarynki oraz limonki.",100% Arabica,Rwanda,250.0,200.0
1100,https://www.coffeedesk.pl/product/17336/Good-Coffee-Rwanda-Ireme,50.0,250 g,Natural,Drip (Metody alternatywne),light,beans,"Kawa ziarnista jakości speciality pochodząca z Rwandy, wypalona przez warszawską Good Coffee Micro Roasters. Palona jasno, idealna do ekspresu przelewowego, dripa, Chemexa, AeroPressa, French Pressa, oraz innych alternatywnych metod parzenia. W smaku wyczuwalne są nuty wiśni, likieru czekoladowego, pomarańczy oraz limonki.",100% Arabica,Rwanda,250.0,200.0
1101,https://www.coffeedesk.pl/product/11852/Hard-Beans-Brazylia-Samambaia-Yellow-Topazio,55.0,250 g,Aerobic Fermentation in Piles,Drip (Metody alternatywne),light,beans,"Kawa ziarnista jakości speciality pochodząca z Brazylii, wypalana przez polską palarnię Hard Beans. Palona jasno, idealna do ekspresu przelewowego, dripa, Chemexa, AeroPressa, French Pressa, oraz innych alternatywnych metod parzenia. W smaku kawy pojawiają się naturalne nuty zbliżone do banana, pieczonego ananasa i karmelu.",100% Arabica,Brazylia,250.0,220.0
1102,https://www.coffeedesk.pl/product/15962/Hard-Beans-Gorilla-Blend-Peru--Gwatemala-Espresso-1Kg,104.0,1 kg,,espresso,medium,beans,"Gorilla Blend to mieszanka kaw jakości speciality stworzona przez polską palarnię Hard Beans. Ziarno jest palone w średnim stopniu pod espresso - doskonała do ekspresów ciśnieniowych i kawiarek. Składają się na nią ziarna z Peru i Gwatemali. Kawa o złożonym smaku przypominającym orzechy włoskie, żółte owoce oraz pomarańcze.",100% Arabica,"Peru, Gwatemala",1000.0,104.0
1103,https://www.coffeedesk.pl/product/15961/Hard-Beans-Gorilla-Blend-Peru--Gwatemala-Espresso-250G,36.0,250 g,,espresso,medium,beans,"Gorilla Blend to mieszanka kaw jakości speciality stworzona przez polską palarnię Hard Beans. Ziarno jest palone w średnim stopniu pod espresso - doskonała do ekspresów ciśnieniowych i kawiarek. Składają się na nią ziarna z Peru i Gwatemalii. Kawa o złożonym smaku przypominającym orzechy włoskie, żółte owoce oraz pomarańcze.",100% Arabica,"Peru, Gwatemala",250.0,144.0
1104,https://www.coffeedesk.pl/product/14250/Hard-Beans-Gwatemala-Huehuetenango-Mario-Recinos-1Kg,126.0,1 kg,Washed,espresso,medium,beans,"Kawa ziarnista jakości speciality z Gwatemali, wypalona w polskiej palarni Hard Beans. Kawa palona w średnim stopniu, świetnie sprawdzi się do ekspresu ciśnieniowego i kawiarki. W jej smaku można wyczuć nuty czekolady, pomarańczy i żółtych owoców.",100% Arabica,Gwatemala,1000.0,126.0
1105,https://www.coffeedesk.pl/product/14249/Hard-Beans-Gwatemala-Huehuetenango-Mario-Recinos-250G,36.0,250 g,Washed,espresso,medium,beans,"Kawa ziarnista z Gwatemali, wypalona w polskiej palarni Hard Beans. Kawa palona w średnim stopniu, świetnie sprawdzi się do ekspresu ciśnieniowego i kawiarki. W jej smaku można wyczuć nuty czekolady, pomarańczy i żółtych owoców.",100% Arabica,Gwatemala,250.0,144.0
1106,https://www.coffeedesk.pl/product/16507/Hard-Beans-Salwador-La-Palmas,59.0,250 g,Yeast Process,Drip (Metody alternatywne),light,beans,,100% Arabica,Salwador,250.0,236.0
1107,https://www.coffeedesk.pl/product/11992/Hayb-Brazylia-Cerrado-Patrocinio-Espresso-250G,26.0,250 g,Natural,espresso,medium,beans,"Kawa ziarnista jakości speciality pochodząca z Brazylii, wypalona w Warszawie przez HAYB. Palona w średnim stopniu, przeznaczona do espresso - sprawdzi się przede wszystkim w ekspresach ciśnieniowych i kawiarkach. W jej smaku dominuje słodycz - można tu wyczuć nuty kakao, karmelu i rodzynek. Gęsta, o wysokim body.",100% Arabica,Brazylia,250.0,104.0
1108,https://www.coffeedesk.pl/product/17267/Hayb-Brazylia-Cerrado-Patrocinio-Espresso-Ciemniej-Palona-1Kg,95.0,1 kg,Natural,espresso,dark,beans,"Kawa ziarnista jakości speciality pochodząca z Brazylii, wypalona w Warszawie przez HAYB. Palona w ciemnym stopniu, przeznaczona do espresso - sprawdzi się przede wszystkim w ekspresach ciśnieniowych i kawiarkach. W jej smaku dominuje słodycz - można tu wyczuć nuty kakao, karmelu i rodzynek. Gęsta, o wysokim body.",100% Arabica,Brazylia,1000.0,95.0
1109,https://www.coffeedesk.pl/product/17266/Hayb-Brazylia-Cerrado-Patrocinio-Espresso-Ciemniej-Palona-250G,26.0,250 g,Natural,espresso,dark,beans,"Kawa ziarnista jakości speciality pochodząca z Brazylii, wypalona w Warszawie przez HAYB. Palona w ciemnym stopniu, przeznaczona do espresso - sprawdzi się przede wszystkim w ekspresach ciśnieniowych i kawiarkach. W jej smaku dominuje słodycz - można tu wyczuć nuty kakao, karmelu i rodzynek. Gęsta, o wysokim body.",100% Arabica,Brazylia,250.0,104.0
1110,https://www.coffeedesk.pl/product/16837/Hayb-Etiopia-Benti-Nenqa,60.0,250 g,Washed,Drip (Metody alternatywne),light,beans,"Kawa ziarnista jakości speciality pochodząca z Etiopii, wypalona w warszawskiej palarni HAYB. Palona jasno, idealna do ekspresu przelewowego, dripa, Chemexa, AeroPressa, French Pressa, oraz innych alternatywnych metod parzenia. W smaku pojawiają się nuty kwiatów, cytrusów oraz trawy cytrynowej.",100% Arabica,Etiopia,250.0,240.0
1111,https://www.coffeedesk.pl/product/15828/Hayb-Etiopia-Chelchele-Gedeb,64.0,250 g,Natural,Drip (Metody alternatywne),light,beans,"Kawa ziarnista jakości speciality pochodząca z Etiopii, wypalona w warszawskiej palarni HAYB. Palona jasno, idealna do ekspresu przelewowego, dripa, Chemexa, AeroPressa, French Pressa, oraz innych alternatywnych metod parzenia. W smaku pojawiają się nuty wanilii, karmelu oraz jagodowych żelków.",100% Arabica,Etiopia,250.0,256.0
1112,https://www.coffeedesk.pl/product/17488/Hayb-Etiopia-Malawo,64.0,250 g,Yellow Honey,Drip (Metody alternatywne),light,beans,"Kawa ziarnista jakości speciality pochodząca z Etiopii, wypalona w warszawskiej palarni HAYB. Palona jasno, idealna do ekspresu przelewowego, dripa, Chemexa, AeroPressa, French Pressa, oraz innych alternatywnych metod parzenia. W smaku pojawiają się nuty mandarynki, liczi oraz aromat róży.",100% Arabica,Etiopia,250.0,256.0
1113,https://www.coffeedesk.pl/product/11983/Hayb-Gwatemala-Huehuetenango-Washed-Espresso-1Kg,120.0,1 kg,Washed,espresso,medium,beans,"Kawa ziarnista jakości speciality z Gwatemali wypalona przez warszawską palarnię HAYB. Palona w średnim stopniu, przeznaczona do espresso, sprawdzi się w ekspresach ciśnieniowych i kawiarkach.

W jej smaku pojawiają się nuty czekolady deserowej, czerwonych owoców i wanilii. Świetnie sprawdzi się zarówno jako czarna kawa, jak i z dodatkiem mleka.",100% Arabica,Gwatemala,1000.0,120.0
1114,https://www.coffeedesk.pl/product/11606/Hayb-Gwatemala-Huehuetenango-Washed-Espresso-250G,33.0,250 g,Washed,espresso,medium,beans,"Kawa ziarnista jakości speciality pochodząca z Gwatemali, wypalana w warszawie przez HAYB. Palona w średnim stopniu, przeznaczona do espresso - sprawdzi się w ekspresach ciśnieniowych i kawiarkach. W jej smaku wyczuwalne są nuty czekolady deserowej oraz czerwonych owoców.",100% Arabica,Gwatemala,250.0,132.0
1115,https://www.coffeedesk.pl/product/11908/Hayb-Gwatemala-Huehuetenango-Washed-Espresso-250G-Kawa-Mielona,33.0,250 g,Washed,espresso,medium,ground,"Kawa mielona jakości speciality z Gwatemali wypalona przez warszawską palarnię HAYB. Palona w średnim stopniu, przeznaczona do espresso, sprawdzi się w ekspresach ciśnieniowych i kawiarkach.

W jej smaku pojawiają się nuty czekolady deserowej, czerwonych owoców i wanilii. Świetnie sprawdzi się zarówno jako czarna kawa, jak i z dodatkiem mleka.",100% Arabica,Gwatemala,250.0,132.0
1116,https://www.coffeedesk.pl/product/17737/Hayb-Honduras-Evin-Moreno,64.0,250 g,Washed Anaerobic,Drip (Metody alternatywne),light,beans,"Kawa ziarnista jakości speciality pochodząca z Hondurasu, wypalona w warszawskiej palarni HAYB. Palona jasno, idealna do ekspresu przelewowego, dripa, Chemexa, AeroPressa, French Pressa, oraz innych alternatywnych metod parzenia. W smaku pojawiają się nuty mango, figi oraz dojrzałej brzoskwini.
 ",100% Arabica,Honduras,250.0,256.0
1117,https://www.coffeedesk.pl/product/16225/Hayb-Honduras-Las-Flores-Roberto-Sabillon,68.0,250 g,Washed,Drip (Metody alternatywne),light,beans,"Kawa ziarnista jakości speciality pochodząca z Hondurasu, wypalona w warszawskiej palarni HAYB. Palona jasno, idealna do ekspresu przelewowego, dripa, Chemexa, AeroPressa, French Pressa, oraz innych alternatywnych metod parzenia. W smaku pojawiają się nuty jabłka, limonki oraz owoców tropikalnych.
 ",100% Arabica,Honduras,250.0,272.0
1118,https://www.coffeedesk.pl/product/16836/Hayb-Kolumbia-El-Mirador,68.0,250 g,Carbonic Maceration,Drip (Metody alternatywne),light,beans,"Kawa ziarnista jakości speciality pochodząca z Kolumbii, wypalona w warszawskiej palarni HAYB. Palona jasno, idealna do ekspresu przelewowego, dripa, Chemexa, AeroPressa, French Pressa, oraz innych alternatywnych metod parzenia. W smaku pojawiają się nuty czerwonych jabłek, różowego grejpfruta oraz pomarańczy.",100% Arabica,Kolumbia,250.0,272.0
1119,https://www.coffeedesk.pl/product/16623/Hayb-Kostaryka-Finca-El-Venado,68.0,250 g,Yellow Honey,Drip (Metody alternatywne),light,beans,"Kawa ziarnista jakości speciality pochodząca z Kostaryki, wypalona w warszawskiej palarni HAYB. Palona jasno, idealna do ekspresu przelewowego, dripa, Chemexa, AeroPressa, French Pressa, oraz innych alternatywnych metod parzenia. W smaku pojawiają się nuty zbliżone do mandarynki, brązowego cukru oraz Limoncello.",100% Arabica,Kostaryka,250.0,272.0
1120,https://www.coffeedesk.pl/product/17736/Hayb-Kostaryka-Las-Lajas-Yellow-Diamond,70.0,250 g,Honey,Drip (Metody alternatywne),light,beans,"Kawa ziarnista jakości speciality pochodząca z Kostaryki, wypalona w warszawskiej palarni HAYB. Palona jasno, idealna do ekspresu przelewowego, dripa, Chemexa, AeroPressa, French Pressa, oraz innych alternatywnych metod parzenia. W smaku pojawiają się nuty wiśni, limonki oraz orzecha włoskiego.
 ",100% Arabica,Kostaryka,250.0,280.0
1121,https://www.coffeedesk.pl/product/17489/Hayb-Meksyk-San-Antonio-Chaipas,60.0,250 g,Natural,Drip (Metody alternatywne),light,beans,"Kawa ziarnista jakości speciality pochodząca z Meksyku, wypalona w warszawskiej palarni HAYB. Palona jasno, idealna do ekspresu przelewowego, dripa, Chemexa, AeroPressa, French Pressa, oraz innych alternatywnych metod parzenia. W smaku pojawiają się słodkie nuty kremu orzechowego i mlecznej czekolady oraz owocowość borówki.",100% Arabica,Meksyk,250.0,240.0
1122,https://www.coffeedesk.pl/product/16626/Hayb-Peru-Oasias-Carrasco,60.0,250 g,Washed,Drip (Metody alternatywne),light,beans,"Kawa ziarnista jakości speciality pochodząca z Peru, wypalona w warszawskiej palarni HAYB. Palona jasno, idealna do ekspresu przelewowego, dripa, Chemexa, AeroPressa, French Pressa, oraz innych alternatywnych metod parzenia. W smaku pojawiają się nuty zbliżone do różowego grapefruta, czerwonej porzeczki oraz kwiatów.",100% Arabica,Peru,250.0,240.0
1123,https://www.coffeedesk.pl/product/16030/Hayb-Peru-Wolfina-Decaf-Kawa-Bezkofeinowa,50.0,250 g,,Drip (Metody alternatywne),light,beans,"Bezkofeinowa kawa ziarnista jakości speciality pochodząca z Peru, wypalona w warszawskiej palarni HAYB. Palona jasno, idealna do ekspresu przelewowego, dripa, Chemexa, AeroPressa, French Pressa, oraz innych alternatywnych metod parzenia. W smaku pojawiają się nuty zbliżone do żółtych owoców, nektarynek, miodu oraz białej herbaty.",100% Arabica,Peru,250.0,200.0
1124,https://www.coffeedesk.pl/product/8308/Hayb-Sie-Przelewa-Filter-Blend-1Kg,105.0,1 kg,,Drip (Metody alternatywne),light,beans,"Mieszanka kaw ziarnistych jakości speciality wypalona w warszawskiej palarni HAYB. W opakowaniu znajdziesz minimum 85% ziaren z Brazylii i około 15% arabiki różnego pochodzenia.

Kawa jest palona jasno, polecana szczególnie do kawiarni  jako ziarno do gastronomicznych ekspresów przelewowych. Sprawdzi się również do dripa, Chemexa, AeroPressa, French Pressa, oraz innych alternatywnych metod parzenia.",100% Arabica,"Brazylia, inne",1000.0,105.0
1125,https://www.coffeedesk.pl/product/8307/Hayb-Sie-Przelewa-Filter-Blend-250G,29.0,250 g,,Drip (Metody alternatywne),light,beans,"Mieszanka kaw ziarnistych jakości speciality wypalona w warszawskiej palarni HAYB. W opakowaniu znajdziesz minimum 85% ziaren z Brazylii i około 15% arabiki różnego pochodzenia.

Kawa jest palona jasno, polecana szczególnie do kawiarni  jako ziarno do gastronomicznych ekspresów przelewowych. Sprawdzi się również do dripa, Chemexa, AeroPressa, French Pressa oraz innych alternatywnych metod parzenia.",100% Arabica,"Brazylia, inne",250.0,116.0
1126,https://www.coffeedesk.pl/product/12946/Hayb-Sie-Przelewa-Kwiat-1Kg,145.0,1 kg,Washed,Drip (Metody alternatywne),light,beans,"Kawa ziarnista jakości speciality z Etiopii, wypalona w warszawskiej palarni HAYB. Palona jasno, polecana szczególnie do kawiarni  jako ziarno do gastronomicznych ekspresów przelewowych. Sprawdzi się również do dripa, Chemexa, AeroPressa, French Pressa, oraz innych alternatywnych metod parzenia. W filiżance można odnaleźć kwiatowy aromat oraz nuty owocowo-herbaciane.",100% Arabica,Etiopia,1000.0,145.0
1127,https://www.coffeedesk.pl/product/12763/Hayb-Sie-Przelewa-Kwiat-250G,40.0,250 g,Washed,Drip (Metody alternatywne),light,beans,"Kawa ziarnista jakości speciality z Etiopii, wypalona w warszawskiej palarni HAYB. Palona jasno, polecana szczególnie do kawiarni  jako ziarno do gastronomicznych ekspresów przelewowych. Sprawdzi się również do dripa, Chemexa, AeroPressa, French Pressa, oraz innych alternatywnych metod parzenia. W filiżance można odnaleźć kwiatowy aromat oraz nuty owocowo-herbaciane.",100% Arabica,Etiopia,250.0,160.0
1128,https://www.coffeedesk.pl/product/12943/Hayb-Sie-Przelewa-Kwiat-500G,77.0,500 g,Washed,Drip (Metody alternatywne),light,beans,"Kawa ziarnista jakości speciality z Etiopii, wypalona w warszawskiej palarni HAYB. Palona jasno, polecana szczególnie do kawiarni  jako ziarno do gastronomicznych ekspresów przelewowych. Sprawdzi się również do dripa, Chemexa, AeroPressa, French Pressa, oraz innych alternatywnych metod parzenia. W filiżance można odnaleźć kwiatowy aromat oraz nuty owocowo-herbaciane.",100% Arabica,Etiopia,500.0,154.0
1129,https://www.coffeedesk.pl/product/12299/Hayb-Sie-Przelewa-Owoc-1Kg,150.0,1 kg,,Drip (Metody alternatywne),light,beans,,100% Arabica,Rwanda,1000.0,150.0
1130,https://www.coffeedesk.pl/product/12297/Hayb-Sie-Przelewa-Owoc-250G,41.0,250 g,,Drip (Metody alternatywne),light,beans,,100% Arabica,Rwanda,250.0,164.0
1131,https://www.coffeedesk.pl/product/12298/Hayb-Sie-Przelewa-Owoc-500G,79.0,500 g,,Drip (Metody alternatywne),light,beans,,100% Arabica,Rwanda,500.0,158.0
1132,https://www.coffeedesk.pl/product/17449/Hayb-Sie-Zalewa-250G,25.0,250 g,,Drip (Metody alternatywne),light,ground,,100% Arabica,None,250.0,100.0
1133,https://www.coffeedesk.pl/product/17271/Hayb-Yellow-Espresso-Blend-Ciemniej-Palona-1Kg,100.0,1 kg,,espresso,dark,beans,"Jedna ze sztandarowych mieszanek kaw speciality wypalanych przez warszawską HAYB, palona w ciemnym stopniu, idealna do ekspresów ciśnieniowych i kawiarek. W paczce odnajdziesz ziarna z Brazylii i Gwatemali. W jej smaku dominuje słodycz o nutach orzechów włoskich, czekolady oraz śliwki. Świetnie sprawdzi się zarówno jako czarna kawa, jak i z dodatkiem mleka.",100% Arabica,"Brazylia, Gwatemala",1000.0,100.0
1134,https://www.coffeedesk.pl/product/17269/Hayb-Yellow-Espresso-Blend-Ciemniej-Palona-250G,28.0,250 g,,espresso,dark,beans,"Jedna ze sztandarowych mieszanek kaw speciality wypalanych przez warszawską HAYB, palona w ciemnym stopniu, idealna do ekspresów ciśnieniowych i kawiarek. W paczce odnajdziesz ziarna z Brazylii i Gwatemali. W jej smaku dominuje słodycz o nutach orzechów włoskich, czekolady oraz śliwki. Świetnie sprawdzi się zarówno jako czarna kawa, jak i z dodatkiem mleka.",100% Arabica,"Brazylia, Gwatemala",250.0,112.0
1135,https://www.coffeedesk.pl/product/17425/Hayb-Kostaryka-Finca-El-Venado-Fil-250G--Kawa-Ziarnista-Outlet,47.6,250 g,Yellow Honey,Drip (Metody alternatywne),light,beans,"Kawa ziarnista jakości speciality pochodząca z Kostaryki, wypalona w warszawskiej palarni HAYB. Palona jasno, idealna do ekspresu przelewowego, dripa, Chemexa, AeroPressa, French Pressa, oraz innych alternatywnych metod parzenia. W smaku pojawiają się nuty zbliżone do mandarynki, brązowego cukru oraz Limoncello.",100% Arabica,Kostaryka,250.0,190.4
1136,https://www.coffeedesk.pl/product/13901/Illy-Classico-Filter-Roast-Kawa-Mielona,29.9,250 g,,,dark,ground,"Illy Classico Filter to włoska kawa mielona o ciemnym profilu palenia. To 100% Arabika o przyjemnej słodyczy z łagodnymi nutami karmelu, kwiatu pomarańczy i jaśminu. ",100% Arabica,None,250.0,119.6
1137,https://www.coffeedesk.pl/product/13290/Izzo-Gold-100Procent-Arabica-1Kg,98.9,1 kg,,espresso,dark,beans,"Izzo Gold to włoska kawa ziarnista o ciemnym profilu palenia. To 100% Arabika o bogatym smaku i aromacie.

Ze względu na stopień palenia, kawa jest polecana szczególnie do espresso - sprawdzi się do ekspresów ciśnieniowych i kawiarek. Doskonała zarówno jako kawa czarna, jak i z mlekiem.",100% Arabica,None,1000.0,98.9
1138,https://www.coffeedesk.pl/product/13292/Izzo-Supermiscela-1Kg,59.0,1 kg,,espresso,dark,beans,"Izzo Supermiscela to włoska kawa ziarnista o ciemnym profilu palenia. To mieszanka 92% Arabiki i 8% Robusty o bogatym smaku i aromacie.

Ze względu na stopień palenia, kawa jest polecana szczególnie do espresso - sprawdzi się do ekspresów ciśnieniowych i kawiarek. Doskonała zarówno jako kawa czarna, jak i z mlekiem.",92/8,None,1000.0,59.0
1139,https://www.coffeedesk.pl/product/24/Izzo-Vivi-Giamaica,49.9,1 kg,,espresso,dark,beans,"Izzo Vivi Giamaica  to mieszanka najwyższej jakości ziaren Arabiki (80%) i Robusty (20%). To filiżanka bardzo aromatycznej i wyrazistej w smaku kawy, która jest idealna do codziennej pracy w biurze.",80/20,None,1000.0,49.9
1140,https://www.coffeedesk.pl/product/11931/Java-Panama-Finca-Hartmann-Cascara-200G,39.0,200 g,Natural,,,beans,"Cascara, czyli tłumacząc z hiszpańskiego ""skórka"" lub ""łupina"". Zaparzanie cascary czyli właśnie łupinek, które pozostają po wydobyciu ziaren z owoców kawowca stało się popularne w ostatnich latach i znalazło wielu amatorów. W porównaniu do kawy, cascara zawiera niewiele kofeiny. Napar w smaku przypomina herbatę, jest wytrawny i owocowy. Można w nim odnaleźć nuty zielonego jabłka, suszonej żurawiny oraz rodzynek.

Polecamy do picia zarówno na ciepło, jak i na zimno.",None,Panama,200.0,195.0
1141,https://www.coffeedesk.pl/product/17433/Java-Coffee-Gwatemala-La-Torre-Co-Changers,52.0,250 g,Washed,Drip (Metody alternatywne),light,beans,,100% Arabica,Gwatemala,250.0,208.0
1142,https://www.coffeedesk.pl/product/17088/Java-Coffee-Honduras-El-Paraiso-Guara-Verde,42.0,250 g,Washed,Drip (Metody alternatywne),light,beans,"Kawa ziarnista jakości speciality pochodząca z Hondurasu, wypalana w warszawskiej palarni Java Coffee Specialty Roasters. Jasno palona, idealna do ekspresu przelewowego, dripa, Chemexa, AeroPressa, French Pressa, oraz innych alternatywnych metod parzenia. W smaku wyczuwalne są nuty mirabelki, gruszki oraz kakao.",100% Arabica,Honduras,250.0,168.0
1143,https://www.coffeedesk.pl/product/17087/Java-Coffee-Meksyk-Muxbal-Honey,42.0,250 g,Honey,Drip (Metody alternatywne),light,beans,"Kawa ziarnista jakości speciality pochodząca z Meksyku, wypalana w warszawskiej palarni Java Coffee Specialty Roasters. Jasno palona, idealna do ekspresu przelewowego, dripa, Chemexa, AeroPressa, French Pressa, oraz innych alternatywnych metod parzenia. W smaku wyczuwalne są nuty jabłka, wiśniowej praliny oraz śliwki nałęczowskiej.",100% Arabica,Meksyk,250.0,168.0
1144,https://www.coffeedesk.pl/product/17272/Java-Coffee-Spring-Espresso,50.0,250 g,Washed,espresso,medium,beans,"Wiosenne espresso z Javy! Kawa ziarnista jakości speciality pochodząca z Gwatemali, wypalana w warszawskiej palarni Java Coffee Specialty Roasters. Średnio palona, idealna do ekspresów ciśnieniowych oraz kawiarek. W smaku wyczuwalne są nuty słodkich gruszek, soczystych pomarańczy i orzecha włoskiego.",100% Arabica,Gwatemala,250.0,200.0
1145,https://www.coffeedesk.pl/product/16841/Kalve-Chocolate-Bar-Blend-Espresso,42.0,250 g,,espresso,medium,,"Kawa ziarnista jakości speciality - unikalny blend pod espresso wypalany przez łotewską palarnię Kalve. Sprawdzi się w ekspresach ciśnieniowych i kawiarkach. W smaku tej kawy wyczuwalne są nuty gorzką czekoladę, karmel oraz orzechy laskowe. Pełne body i kremowa konsystencja.",None,None,250.0,168.0
1146,https://www.coffeedesk.pl/product/16394/Kalve-Colombia-Buenos-Aires,79.0,250 g,Anaerobic,Drip (Metody alternatywne),light,beans,"Kawa ziarnista jakości speciality z Kolumbii, wypalona w łotewskiej palarni Kalve. Palona jasno, sprawdzi się pod wszelkie przelewowe metody parzenia - od dripa, przez Chemex, AeroPress, French Press, inne alternatywne metody parzenia, aż po ekspresy przelewowe! W jej smaku pojawiają się nuty pomelo, dojrzałej pomarańczy oraz aromat kwiatów.",100% Arabica,Kolumbia,250.0,316.0
1147,https://www.coffeedesk.pl/product/16074/Kalve-Ethiopia-Bombe,78.0,250 g,Washed,Drip (Metody alternatywne),light,beans,"Kawa ziarnista jakości speciality z Etiopii, wypalona w łotewskiej palarni Kalve. Palona jasno, sprawdzi się pod wszelkie przelewowe metody parzenia - od dripa, przez Chemex, AeroPress, French Press, inne alternatywne metody parzenia, aż po ekspresy przelewowe! W jej smaku pojawiają się nuty pina colady, ciasta cytrynowego oraz białej czekolady.",100% Arabica,Etiopia,250.0,312.0
1148,https://www.coffeedesk.pl/product/16077/Kalve-Ethiopia-Worka-Chelbessa,75.0,250 g,Natural,Drip (Metody alternatywne),light,beans,"Kawa ziarnista jakości speciality z Etiopii, wypalona w łotewskiej palarni Kalve. Palona jasno, sprawdzi się pod wszelkie przelewowe metody parzenia - od dripa, przez Chemex, AeroPress, French Press, inne alternatywne metody parzenia, aż po ekspresy przelewowe! W jej smaku pojawiają się nuty truskawki, kakao oraz suszonych owoców pestkowych.",100% Arabica,Etiopia,250.0,300.0
1149,https://www.coffeedesk.pl/product/17341/Kalve-Guatemala-Huehuetenango-Decaf-Kawa-Bezkofeinowa,66.0,250 g,,"drip, espresso",medium,beans,"Bezkofeinowa kawa ziarnista jakości speciality z Gwatemali, wypalona w łotewskiej palarni Kalve. Średnio palona, sprawdzi się pod wszelkie przelewowe metody parzenia - od dripa, przez Chemex, AeroPress, French Press, inne alternatywne metody parzenia, aż po ekspresy przelewowe, jak i pod espresso! W jej smaku pojawiają się nuty brązowego cukru, cytrusów oraz słodu. Kawa jest pozbawiana kofeiny przy użyciu wody z dwutlenkiem węgla, bez użycia sztucznych substancji.",100% Arabica,Gwatemala,250.0,264.0
1150,https://www.coffeedesk.pl/product/12456/Kimbo-Crema-Perfetta-Utz-Kawa-Ziarnista-1Kg,79.9,1 kg,,espresso,dark,beans,"Kimbo Crema Perfetta to włoska kawa ziarnista o ciemnym profilu palenia. Mieszanka składa się wyselekcjonowanych ziaren Arabiki (65%) i Robusty (35%) z Brazylii, Kolumbii oraz Indii. Ziarno pochodzi z plantacji posiadających certyfikat UTZ, gdzie przestrzega się zasady zrównoważonego rolnictwa. To gwarancja dbałości o środowisko oraz lokalną społeczność.",65/35,None,1000.0,79.9
1151,https://www.coffeedesk.pl/product/12455/Kimbo-Espresso-Bar-Crema-Suprema-Kawa-Ziarnista-1Kg,64.5,1 kg,,espresso,dark,beans,"Kimbo Espresso Bar Crema Suprema to włoska kawa ziarnista o ciemnym profilu palenia. Mieszanka składa się wyselekcjonowanych ziaren Arabiki (35%) z Brazylii i Ameryki Środkowej oraz Robusty (65%) z Indii.
 ",35/65,None,1000.0,64.5
1152,https://www.coffeedesk.pl/product/16964/La-Cabra-Brazil-Paiolinho,65.0,250 g,Natural,"drip, espresso",medium,beans,"Kawa ziarnista jakości speciality pochodząca z Brazylii, wypalona w duńskiej palarni La Cabra. Średnio palona, idealna do ekspresu przelewowego, dripa, Chemexa, AeroPressa, oraz innych alternatywych metod parzenia, jak i pod espresso. W smaku wyczuwalne są nuty czekolady, orzechów włoskich oraz syropu klonowego.",100% Arabica,Brazylia,250.0,260.0
1153,https://www.coffeedesk.pl/product/17741/La-Cabra-Burundi-Heza-Pb,83.0,250 g,Washed,"drip, espresso",light,beans,"Kawa ziarnista jakości speciality pochodząca z Burundi, wypalona w duńskiej palarni La Cabra. Średnio palona, idealna do ekspresu przelewowego, dripa, Chemexa, AeroPressa, oraz innych alternatywych metod parzenia, jak i pod espresso. W smaku wyczuwalne są nuty czerwonej porzeczki, melasy oraz gorzkiej czekolady.",100% Arabica,Burundi,250.0,332.0
1154,https://www.coffeedesk.pl/product/17742/La-Cabra-Colombia-Arlex-Munoz,77.0,250 g,Washed,"drip, espresso",light,beans,"Kawa ziarnista jakości speciality pochodząca z Kolumbii, wypalona w duńskiej palarni La Cabra. Średnio palona, idealna do ekspresu przelewowego, dripa, Chemexa, AeroPressa, oraz innych alternatywych metod parzenia, jak i pod espresso. W smaku wyczuwalne są nuty czerwonej porzeczki, malin oraz karmelu.",100% Arabica,Kolumbia,250.0,308.0
1155,https://www.coffeedesk.pl/product/16581/Lacava-Brazil-Fazenda-Rainha-Espresso-1Kg,119.0,1 kg,Natural,espresso,medium,beans,"Kawa ziarnista jakości speciality pochodząca z Brazylii, wypalona w palarni LaCava. Palona w średnim stopniu, przeznaczona do espresso - doskonale sprawdzi się w ekspresach ciśnieniowych i kawiarkach. Słodka, z delikatnymi nutami owocowymi - w jej smaku można wyczuć naturalne akcenty wiśni, orzecha i ciemnej czekolady.",100% Arabica,Brazylia,1000.0,119.0
1156,https://www.coffeedesk.pl/product/9676/Lacava-Brazil-Fazenda-Rainha-Espresso-250G,30.0,250 g,Natural,espresso,medium,beans,"Kawa ziarnista jakości speciality pochodząca z Brazylii, wypalona w palarni LaCava. Palona w średnim stopniu, przeznaczona do espresso - doskonale sprawdzi się w ekspresach ciśnieniowych i kawiarkach. Słodka, z delikatnymi nutami owocowymi - w jej smaku można wyczuć naturalne akcenty wiśni, orzecha i ciemnej czekolady.",100% Arabica,Brazylia,250.0,120.0
1157,https://www.coffeedesk.pl/product/12431/Lacava-Brazylia-Fazenda-Monte-Belo-Espresso,34.0,250 g,Natural,espresso,medium,beans,"Kawa ziarnista jakości speciality pochodząca z Brazylii, wypalona w palarni LaCava. Palona w średnim stopniu, sprawdzi się w ekspresach ciśnieniowych i kawiarkach. W smaku wyczuwalne są nuty orzechów laskowych, migdałów, suszonych owoców oraz czekolady.",100% Arabica,Brazylia,250.0,136.0
1158,https://www.coffeedesk.pl/product/16583/Lacava-Brazylia-Santa-Rita-Espresso-1Kg,119.0,1 kg,Washed,espresso,medium,beans,"Kawa ziarnista jakości speciality pochodząca z Brazylii, wypalona w palarni LaCava. Palona w średnim stopniu, przeznaczona do espresso - doskonale sprawdzi się w ekspresach ciśnieniowych i kawiarkach. W smaku wyczuwalne są nuty koniaku, suszonych owoców oraz nutelli.",100% Arabica,Brazylia,1000.0,119.0
1159,https://www.coffeedesk.pl/product/16582/Lacava-Brazylia-Santa-Rita-Espresso-250G,34.0,250 g,Washed,espresso,medium,beans,"Kawa ziarnista jakości speciality pochodząca z Brazylii, wypalona w palarni LaCava. Palona w średnim stopniu, przeznaczona do espresso - doskonale sprawdzi się w ekspresach ciśnieniowych i kawiarkach. W smaku wyczuwalne są nuty koniaku, suszonych owoców oraz nutelli.",100% Arabica,Brazylia,250.0,136.0
1160,https://www.coffeedesk.pl/product/16213/Lacava-Burundi-Mbirizi,55.0,250 g,Washed,Drip (Metody alternatywne),light,beans,"Kawa ziarnista jakości speciality pochodząca z Burundi, wypalona w palarni LaCava. Palona jasno, idealna do ekspresu przelewowego, dripa, Chemexa, AeroPressa, French Pressa, oraz innych alternatywnych metod parzenia. W smaku wyczuwalne są nuty pomarańczy, maliny, jeżyny oraz goździków.",100% Arabica,Burundi,250.0,220.0
1161,https://www.coffeedesk.pl/product/15752/Lacava-Daily-Bru-Blend-Gwatemala-250G,29.0,250 g,Washed,Drip (Metody alternatywne),light,beans,"Kawa ziarnista jakości speciality wypalona w palarni LaCava, pochodząca w 90% z Gwatemali - pozostałe 10% to arabiki różnego rodzaju. Palona jasno, idealna jako kawa śniadaniowa - sprawdzi się do ekspresu przelewowego, dripa, Chemexa, AeroPressa, French Pressa, oraz innych alternatywnych metod parzenia. W smaku wyczuwalne są nuty mlecznej czekolady, czerwonego jabłka, śliwki oraz rodzynek.",100% Arabica,Gwatemala,250.0,116.0
1162,https://www.coffeedesk.pl/product/16830/Lacava-Etiopia-Abu-Fita,49.0,250 g,Washed,Drip (Metody alternatywne),light,beans,"Kawa ziarnista jakości speciality pochodząca z Etiopii, wypalona w palarni LaCava. Palona jasno, idealna do ekspresu przelewowego, dripa, Chemexa, AeroPressa, French Pressa, oraz innych alternatywnych metod parzenia. W smaku wyczuwalne są nuty zielonego jabłka, limonki oraz brązowego cukru.",100% Arabica,Etiopia,250.0,196.0
1163,https://www.coffeedesk.pl/product/16949/Lacava-Kenia-Thuti,55.0,250 g,Washed,Drip (Metody alternatywne),light,beans,"Kawa ziarnista jakości speciality pochodząca z Kenii, wypalona w palarni LaCava. Palona jasno, idealna do ekspresu przelewowego, dripa, Chemexa, AeroPressa, French Pressa, oraz innych alternatywnych metod parzenia. W smaku wyczuwalne są nuty tropikalnych owoców, truskawek, śliwek oraz herbaty.",100% Arabica,Kenia,250.0,220.0
1164,https://www.coffeedesk.pl/product/17461/Lacava-Kostaryka-El-Perezoso,55.0,250 g,Natural,Drip (Metody alternatywne),light,beans,"Kawa ziarnista jakości speciality pochodząca z Kostaryki, wypalona w palarni LaCava. Palona jasno, idealna do ekspresu przelewowego, dripa, Chemexa, AeroPressa, French Pressa, oraz innych alternatywnych metod parzenia. W smaku wyczuwalne są nuty suszonej śliwki, borówki, kompotu, nugatu oraz karmelu.",100% Arabica,Kostaryka,250.0,220.0
1165,https://www.coffeedesk.pl/product/15751/Lacava-Kostaryka-Milenio-200G,79.0,200 g,Honey,Drip (Metody alternatywne),light,beans,"Kawa ziarnista jakości speciality pochodząca z Kostaryki, wypalona w palarni LaCava. Palona jasno, idealna do ekspresu przelewowego, dripa, Chemexa, AeroPressa, French Pressa, oraz innych alternatywnych metod parzenia. W smaku wyczuwalne są nuty cukierków karmelowych, dżemu śliwkowego, mlecznej czekolady, fig oraz fiołków.",100% Arabica,Kostaryka,200.0,395.0
1166,https://www.coffeedesk.pl/product/16832/Lacava-Nikaragua-El-Cambalache,55.0,250 g,Natural,Drip (Metody alternatywne),light,beans,"Kawa ziarnista jakości speciality pochodząca z Nikaragui, wypalona w palarni LaCava. Palona jasno, idealna do ekspresu przelewowego, dripa, Chemexa, AeroPressa, French Pressa, oraz innych alternatywnych metod parzenia. W smaku wyczuwalne są nuty malin, pomarańczy, kwiatów oraz mlecznej czekolady.",100% Arabica,Nikaragua,250.0,220.0
1167,https://www.coffeedesk.pl/product/16294/Lacava-Peru-Huabal-El-Paraiso-Espresso,49.0,250 g,Washed,espresso,medium,beans,"Kawa ziarnista jakości speciality pochodząca z Peru, wypalona w palarni LaCava. Palona w średnim stopniu, przeznaczona do espresso - doskonale sprawdzi się w ekspresach ciśnieniowych i kawiarkach. W jej smaku można wyczuć nuty karmelu, grejpfruta oraz ciemnej czekolady.",100% Arabica,Peru,250.0,196.0
1168,https://www.coffeedesk.pl/product/16295/Lacava-Salwador-Salaverria,69.0,250 g,Anaerobic natural,Drip (Metody alternatywne),light,beans,"Kawa ziarnista jakości speciality pochodząca z Salwadoru, wypalona w palarni LaCava. Palona jasno, idealna do ekspresu przelewowego, dripa, Chemexa, AeroPressa, French Pressa, oraz innych alternatywnych metod parzenia. W smaku wyczuwalne są nuty mango, truskawki, czerwonego wina, czekolady oraz jogurtu.",100% Arabica,Salwador,250.0,276.0
1169,https://www.coffeedesk.pl/product/16831/Lacava-Uganda-Chigalagala,55.0,250 g,Natural,Drip (Metody alternatywne),light,beans,"Kawa ziarnista jakości speciality pochodząca z Ugandy, wypalona w palarni LaCava. Palona jasno, idealna do ekspresu przelewowego, dripa, Chemexa, AeroPressa, French Pressa, oraz innych alternatywnych metod parzenia. W smaku wyczuwalne są nuty kompotu z suszu, anyżu, gałki muszkatołowej oraz wiśni.",100% Arabica,Uganda,250.0,220.0
1170,https://www.coffeedesk.pl/product/17805/Lacava-Uganda-Kasese-Area-Ekimuli-Natural-Fil-250G--Kawa-Ziarnista-Outlet,40.15,250 g,Natural,Drip (Metody alternatywne),light,beans,"Kawa ziarnista jakości speciality pochodząca z Ugandy, wypalona w palarni LaCava. Palona jasno, idealna do ekspresu przelewowego, dripa, Chemexa, AeroPressa, French Pressa, oraz innych alternatywnych metod parzenia. W smaku wyczuwalne są nuty ciemnej czekolady, kompotu z malin, karmelu oraz jagód.",100% Arabica,Uganda,250.0,160.6
1171,https://www.coffeedesk.pl/product/141/Lavazza-Caffe-Espresso-Italiano-Classico-Kawa-Mielona-250G,17.9,250 g,,espresso,dark,ground,"Lavazza Caffe Espresso to kawa mielona o ciemnym profilu palenia. Mieszanka składa się 100% z wyselekcjonowanych ziaren Arabiki z palantacji Ameryki Środkowej. Kawa o intensywnym smaku, o wyczuwalnej słodyczy czekolady, wraz z delikatnymi nutami kwiatowymi i owocowymi.

Ze względu na stopień palenia, kawa jest polecana szczególnie do espresso - sprawdzi się do ekspresów ciśnieniowych i kawiarek.",100% Arabica,None,250.0,71.6
1172,https://www.coffeedesk.pl/product/12351/Lavazza-Qualita-Oro-Kawa-Ziarnista-500G,33.9,500 g,,espresso,dark,beans,"Lavazza Oro to kawa ziarnista o ciemnym profilu palenia. Mieszanka składa się 100% z wyselekcjonowanych ziaren Arabiki z palantacji Ameryki Środkowej i Południowej oraz Afryki. Kawa o intensywnym smaku, o wyczuwalnej słodyczy miodu i prażonego słodu, wraz z delikatnymi nutami kwiatowymi i owocowymi.

Doskonała po posiłku. Ze względu na stopień palenia, kawa jest polecana szczególnie do espresso - sprawdzi się do ekspresów ciśnieniowych i kawiarek.",100% Arabica,None,500.0,67.8
1173,https://www.coffeedesk.pl/product/140/Lavazza-Qualita-Oro-Mielona,15.9,250 g,,espresso,dark,ground,Kawa mielona LAvazza Qualite Oro. Złota jakość (wł. qualita oro) tej kawy bierze się z wyselekcjonowanych ziaren Arabiki sprowadzonych z najlepszych plantacji południowej i centralnej Ameryki oraz Afryki.,100% Arabica,None,250.0,63.6
1174,https://www.coffeedesk.pl/product/10519/Lavazza-Qualita-Oro-Mountain-Grown-Ziarnista-250G,19.99,250 g,,espresso,dark,beans,"Włoska kawa ziarnista o ciemnym profilu palenia. To 100% Arabika, aromatyczna i intensywna, o nutach czekolady i suszonych owoców. Idealna na dobry początek dnia.

Ze względu na stopień palenia, kawa jest polecana szczególnie do espresso - sprawdzi się do ekspresów ciśnieniowych i kawiarek.",100% Arabica,None,250.0,79.96
1175,https://www.coffeedesk.pl/product/139/Lavazza-Qualita-Oro-Ziarno,17.0,250 g,,espresso,dark,beans,Złota jakość (wł. qualita oro) tej kawy bierze się z wyselekcjonowanych ziaren Arabiki sprowadzonych z najlepszych plantacji południowej i centralnej Ameryki oraz Afryki.,100% Arabica,None,250.0,68.0
1176,https://www.coffeedesk.pl/product/9961/Lavazza-Tierra-Brasile-100Procent-Arabica-1Kg,75.0,1 kg,,espresso,dark,beans,"Lavazza Tierra Brasile jest mieszanką starannie selekcjonowanych ziaren Arabiki pochodzących z Brazylii, z plantacji Lambari i Cereja Apassita. Ziarno jest palone w ciemnym stopniu, doskonale sprawdzi się do ekspresów ciśnieniowych i kawiarek. ",100% Arabica,Brazylia,1000.0,75.0
1177,https://www.coffeedesk.pl/product/9962/Lavazza-Tierra-Brasile-Authentic-Italian-Recipe-70Procent-Arabica-1Kg,69.9,1 kg,,espresso,dark,beans,"Lavazza Tierra Brasile jest mieszanką starannie selekcjonowanych ziaren arabiki (70%) i robusty (30%) pochodzących z Brazylii. Ziarno jest palone w ciemnym stopniu, doskonale sprawdzi się do ekspresów ciśnieniowych i kawiarek.",70/30,Brazylia,1000.0,69.9
1178,https://www.coffeedesk.pl/product/11746/Lavazza-Tierra-Columbia-100Procent-Arabica-1Kg,75.0,1 kg,,espresso,dark,beans,"Lavazza Tierra Colombia jest mieszanką starannie selekcjonowanych ziaren Arabiki pochodzących z Kolumbii. Ziarno jest palone w ciemnym stopniu, doskonale sprawdzi się do ekspresów ciśnieniowych i kawiarek. ",100% Arabica,Kolumbia,1000.0,75.0
1179,https://www.coffeedesk.pl/product/17446/Lavazza-Tierra-Selection-Espresso-100Procent-Arabica-1Kg,73.0,1 kg,,espresso,dark,beans,"Tierra jest mieszanką starannie selekcjonowanych ziaren Arabiki, pochodzących z Ameryki Środkowej.",100% Arabica,Nikaragua,1000.0,73.0
1180,https://www.coffeedesk.pl/product/16730/Le-Piantagioni-Del-Caffe-El-Salvador-La-Cumbre-500G,101.0,500 g,Natural,espresso,dark,beans,"Kawa ziarnista jakości speciality z Salwadoru wypalona we włoskej palarni Le Piantagioni del Caffe. Palona w ciemnym stopniu, świetnie sprawdzi się do ekspresu ciśnieniowego i kawiarki. W jej smaku można wyczuć sporo słodyczy wraz z delikatnymi nutami wiśni i banana oraz łagodnym aromatem jabłka. Espresso jest gładkie i kremowe.",100% Arabica,Salwador,500.0,202.0
1181,https://www.coffeedesk.pl/product/16729/Le-Piantagioni-Del-Caffe-Ethiopia-Dambi-Uddo-500G,95.0,500 g,Natural,espresso,dark,beans,"To 100% arabika dająca gęste i gładkie espresso pełne naturalnych nut truskawek, jagód i malin, z posmakiem przypominającym czerwone jabłko. Najlepiej smakuje bez dodatków, jednak sprawdzi się także z dodatkiem mleka, jako mniej klasyczne cappuccino.",100% Arabica,Etiopia,500.0,190.0
1182,https://www.coffeedesk.pl/product/13352/Le-Piantagioni-Del-Caffe-Ethiopia-Dambi-Uddo-Organic-1Kg,159.0,1 kg,,espresso,dark,beans,"To 100% arabika dająca gęste i gładkie espresso pełne naturalnych nut truskawek, jagód i malin, z posmakiem przypominającym czerwone jabłko. Najlepiej smakuje bez dodatków, jednak sprawdzi się także z dodatkiem mleka, jako mniej klasyczne cappuccino.",100% Arabica,Etiopia,1000.0,159.0
1183,https://www.coffeedesk.pl/product/13353/Le-Piantagioni-Del-Caffe-Ethiopia-Dambi-Uddo-Organic-250G,49.0,250 g,,espresso,dark,beans,"To 100% arabika dająca gęste i gładkie espresso pełne naturalnych nut truskawek, jagód i malin, z posmakiem przypominającym czerwone jabłko. Najlepiej smakuje bez dodatków, jednak sprawdzi się także z dodatkiem mleka, jako mniej klasyczne cappuccino.",100% Arabica,Etiopia,250.0,196.0
1184,https://www.coffeedesk.pl/product/16734/Le-Piantagioni-Del-Caffe-Kolumbia-Samaria-250G,47.0,250 g,Washed,espresso,dark,beans,"Samaria to ziarna z Kolumbii, wypalane przez cenioną włoską palarnię Le Piantagioni del Caffè. Palona w ciemnym stopniu, sprawdzi się w ekspresach ciśnieniowych i kawiarkach. Ta 100% arabika charakteryzuje się przede wszystkim kwiatowym aromatem oraz smakiem orzechów laskowych i ciemnej czekolady.",100% Arabica,Kolumbia,250.0,188.0
1185,https://www.coffeedesk.pl/product/16735/Le-Piantagioni-Del-Caffe-Kolumbia-Samaria-500G,90.0,500 g,Washed,espresso,dark,beans,"Samaria to ziarna z Kolumbii, wypalane przez cenioną włoską palarnię Le Piantagioni del Caffè. Palona w ciemnym stopniu, sprawdzi się w ekspresach ciśnieniowych i kawiarkach. Ta 100% arabika charakteryzuje się przede wszystkim kwiatowym aromatem oraz smakiem orzechów laskowych i ciemnej czekolady.",100% Arabica,Kolumbia,500.0,180.0
1186,https://www.coffeedesk.pl/product/16725/Le-Piantagioni-Del-Caffe-Peru-Alto-Palomar-500G,72.0,500 g,Washed,espresso,dark,beans,"Peru Fair Trade Organic to kawa ziarnista z odległych rejonów Peru, oznaczona certyfikatami CSC oraz Fairtrade, wypalona przez cenioną włoską palarnię Le Piantagioni del Caffè. Palona w ciemnym stopniu, sprawdzi się w ekspresach ciśnieniowych i kawiarkach

Kawa o pełnym body, delikatnej kwasowości i niezwykłych nutach miodu, prażonych migdałów i słodkiego tytoniu. W posmaku zwieńczona łagodnym smakiem kakao.",100% Arabica,Peru,500.0,144.0
1187,https://www.coffeedesk.pl/product/11077/New-York-Biologico,24.9,250 g,,espresso,dark,ground,"BIOLOGICO to organiczna mielona kawa o ciemnym profilu palenia od Caffe New York. Pozycja obowiązkowa dla każdego smakosza kawy, który ceni sobie jakość kawowych ziaren.",100% Arabica,None,250.0,99.6
1188,https://www.coffeedesk.pl/product/58/New-York-Extra,109.0,1 kg,,espresso,medium,beans,"New York Caffe Extra to mieszanka najwyższej jakości ziaren Arabiki, pochodzących z Ameryki Środkowej z wyjątkowymi i ziarnami Jamaica Blue Mountain.
 ",100% Arabica,None,1000.0,109.0
1189,https://www.coffeedesk.pl/product/17368/Nomad-Coffee-Brazil-Quintas-De-Guimares,57.0,250 g,Natural,Drip (Metody alternatywne),light,beans,"Kawa ziarnista jakości speciality pochodząca z Brazylii, wypalona przez hiszpańską palarnię Nomad Coffee. Palona jasno, idealna do ekspresu przelewowego, dripa, Chemexa, AeroPressa, French Pressa oraz innych alternatywnych metod parzenia. W smaku kawy pojawiają się nuty przypominające kakao, pomarańcze oraz śliwki.",100% Arabica,Brazylia,250.0,228.0
1190,https://www.coffeedesk.pl/product/8072/Nomad-Coffee-Burundi-Gahahe-Washed-Filter,55.0,250 g,Washed,Drip (Metody alternatywne),light,beans,"Kawa ziarnista jakości speciality pochodząca z Burundi, wypalona przez hiszpańską palarnię Nomad Coffee. Palona jasno, idealna do ekspresu przelewowego, dripa, Chemexa, AeroPressa, French Pressa, oraz innych alternatywnych metod parzenia. Owocowa, o lekkiej teksturze. W jej smaku można wyczuć nuty kwiatów pomarańczy, malin oraz mandarynek.",100% Arabica,Burundi,250.0,220.0
1191,https://www.coffeedesk.pl/product/16765/Nomad-Coffee-Burundi-Nemba-Filter,60.0,250 g,Natural,Drip (Metody alternatywne),light,beans,"Kawa ziarnista jakości speciality pochodząca z Burundi, wypalona przez hiszpańską palarnię Nomad Coffee. Palona jasno, idealna do ekspresu przelewowego, dripa, Chemexa, AeroPressa, French Pressa oraz innych alternatywnych metod parzenia. W smaku kawy pojawiają się nuty przypominające czerwoną pomarańczę, różowego grejpfruta oraz syrop klonowy.",100% Arabica,Burundi,250.0,240.0
1192,https://www.coffeedesk.pl/product/17161/Paloma-Brazylia-San-Rafael-Espresso,30.0,250 g,Natural,espresso,medium,beans,"Kawa ziarnista jakości speciality pochodząca z Brazylii, wypalona we wrocławskiej palarni Paloma. Średnio palona, idealna do ekspresu ciśnieniowego i kawiarki. W smaku wyczuwalne są nuty kakao, ciemnej czekolady i migdałów.",100% Arabica,Brazylia,250.0,120.0
1193,https://www.coffeedesk.pl/product/17677/Paloma-Etiopia-Furud-Ffb,56.0,250 g,Washed,Drip (Metody alternatywne),light,beans,"Kawa ziarnista jakości speciality pochodząca z Etiopii, wypalona w wrocławskiej palarni Paloma. Palona jasno, idealna do ekspresu przelewowego, dripa, Chemexa, AeroPressa, French Pressa, oraz innych alternatywnych metod parzenia. W smaku wyczuwalne są nuty earl greya, białych kwiatów, limonki oraz śliwki.",100% Arabica,Etiopia,250.0,224.0
1194,https://www.coffeedesk.pl/product/17158/Paloma-Kenia-Matunda,50.0,250 g,Washed,Drip (Metody alternatywne),light,beans,"Kawa ziarnista jakości speciality pochodząca z Kenii, wypalona w wrocławskiej palarni Paloma. Palona jasno, idealna do ekspresu przelewowego, dripa, Chemexa, AeroPressa, French Pressa, oraz innych alternatywnych metod parzenia. W smaku wyczuwalne są nuty cytryny, pomarańczy, maliny, karmelu i ciemnej czekolady.",100% Arabica,Kenia,250.0,200.0
1195,https://www.coffeedesk.pl/product/17162/Paloma-Kolumbia-Golden-Huila-Espresso,30.0,250 g,Washed,espresso,medium,beans,"Kawa ziarnista jakości speciality pochodząca z Kolumbii, wypalona w wrocławskiej palarni Paloma. Średnio palona, idealna do ekspresu ciśnieniowego i kawiarki. W smaku wyczuwalne są nuty brązowego cukru, ciemnej czekolady i cytrusów.",100% Arabica,Kolumbia,250.0,120.0
1196,https://www.coffeedesk.pl/product/17678/Paloma-Kolumbia-Pedro-Jose-Guzman-Oliveros,75.0,250 g,Natural,Drip (Metody alternatywne),light,beans,"Kawa ziarnista jakości speciality pochodząca z Kolumbii, wypalona w wrocławskiej palarni Paloma. Palona jasno, idealna do ekspresu przelewowego, dripa, Chemexa, AeroPressa, French Pressa, oraz innych alternatywnych metod parzenia. W smaku wyczuwalne są nuty angostury, miodu, białego wina oraz likieru Sheridan's.",100% Arabica,Kolumbia,250.0,300.0
1676,https://www.coffeedesk.pl/product/17160/Paloma-Salwador-Vega-Acr,50.0,250 g,Natural,Drip (Metody alternatywne),light,beans,"Kawa ziarnista jakości speciality pochodząca z Salwadoru, wypalona w wrocławskiej palarni Paloma. Palona jasno, idealna do ekspresu przelewowego, dripa, Chemexa, AeroPressa, French Pressa, oraz innych alternatywnych metod parzenia. W smaku wyczuwalne są nuty wina, cukru trzecinowego, ananasa, rodzynek i mlecznej czekolady.",100% Arabica,Salwador,250.0,200.0
1677,https://www.coffeedesk.pl/product/9975/Passalacqua-Mexico-1Kg,105.0,1 kg,,espresso,dark,beans,"Kawa ziarnista z włoskiej palarni Passalacqua. W opakowaniu znajdziesz 100% arabikę pochodzącą z 8 regionów świata. Ziarno jest palone w ciemnym stopniu, doskonale sprawdzi się w ekspresach ciśnieniowych i kawiarkach. Mieszanka charakteryzuje się intensywną słodyczą, o nutach zbliżonych do karmelu, orzechów laskowych i czekolady.",100% Arabica,None,1000.0,105.0
1678,https://www.coffeedesk.pl/product/33/Passalacqua-Harem,135.0,1 kg,,espresso,dark,beans," Passalaqua Harem jest jedną z najcenniejszych kaw z całego świata. Reprezentuje palarnię, jako najlepsza mieszanka dziesięciu różnych ziaren Arabiki, m.in. ziaren Jamiaca Blue Mountain.
 ",100% Arabica,None,1000.0,135.0
1679,https://www.coffeedesk.pl/product/18/Pellini-Aroma-Oro-Gusto-Intenso,74.9,1 kg,,espresso,medium,beans,"Mieszanka składa się z wysokiej jakości ziaren Arabiki (80%) i ziaren Robusty (20%). Delikatny proces palenia. Intensywny i aromatyczny smak, trwała i gęsta crema. Idealna jako baza do sporządzenia wyśmienitego cappuccino i latte.",80/20,None,1000.0,74.9
1680,https://www.coffeedesk.pl/product/17373/Public-Coffee-Roasters-Gwatemala-Flor-Del-Rosario,50.0,250 g,Washed,Drip (Metody alternatywne),light,beans,"Kawa ziarnista  jakości speciality z Gwatemali, wypalona w niemieckiej palarni Public Coffee Roasters. Palona jasno, sprawdzi się pod wszelkie przelewowe metody parzenia - od dripa, przez Chemex, AeroPress, French Press, inne alternatywne metody parzenia, aż po ekspresy przelewowe. W filiżance pojawia się słodycz mlecznej czekolady, napar ma gęstą teksturę. ",100% Arabica,Gwatemala,250.0,200.0
1681,https://www.coffeedesk.pl/product/17370/Public-Coffee-Roasters-Honduras-Amaya,53.0,250 g,Washed,Drip (Metody alternatywne),light,beans,"Kawa ziarnista  jakości speciality z Hondurasu, wypalona w niemieckiej palarni Public Coffee Roasters. Palona jasno, sprawdzi się pod wszelkie przelewowe metody parzenia - od dripa, przez Chemex, AeroPress, French Press, inne alternatywne metody parzenia, aż po ekspresy przelewowe. W filiżance pojawia się słodycz czekoladowych krówek oraz soczysta mandarynka.",100% Arabica,Honduras,250.0,212.0
1682,https://www.coffeedesk.pl/product/17371/Public-Coffee-Roasters-Kenya-Kariru-Aa,67.0,250 g,Washed,Drip (Metody alternatywne),light,beans,"Kawa ziarnista  jakości speciality z Kenii, wypalona w niemieckiej palarni Public Coffee Roasters. Palona jasno, sprawdzi się pod wszelkie przelewowe metody parzenia - od dripa, przez Chemex, AeroPress, French Press, inne alternatywne metody parzenia, aż po ekspresy przelewowe. W filiżance pojawiają się nuty czerwonej pomarańczy. Mocno owocowa i soczysta.",100% Arabica,Kenia,250.0,268.0
1683,https://www.coffeedesk.pl/product/17372/Public-Coffee-Roasters-Kolumbia-Huila,43.0,250 g,Washed,Drip (Metody alternatywne),light,beans,"Kawa ziarnista  jakości speciality z Kolumbii, wypalona w niemieckiej palarni Public Coffee Roasters. Palona jasno, sprawdzi się pod wszelkie przelewowe metody parzenia - od dripa, przez Chemex, AeroPress, French Press, inne alternatywne metody parzenia, aż po ekspresy przelewowe. W filiżance pojawia się aromat gorzkiej czekolady oraz słodkie nuty karmelu. Gęsta, o pełnej teksturze.",100% Arabica,Kolumbia,250.0,172.0
1684,https://www.coffeedesk.pl/product/17374/Public-Coffee-Roastery-First-Love-Blend-Espresso,48.0,250 g,Washed,espresso,medium,beans,"Blend kaw ziarnistych jakości speciality pochodzących z Etiopii oraz Kolumbii, wypalonych w niemieckiej palarni Public Coffee Roastery. Kawa palona w średnim stopniu, przeznaczona do espresso - doskonale sprawdzi się w ekspresach ciśnieniowych i kawiarkach. W smaku można wyczuć naturalne nuty jagód, orzechów oraz toffi.",100% Arabica,"Etiopia, Kolumbia",250.0,192.0
1685,https://www.coffeedesk.pl/product/7928/Rocket-Bean-Brazil-Cerrado-Mineiro-Sao-Silvestre,45.0,200 g,Natural,Drip (Metody alternatywne),light,beans,"Kawa ziarnista jakości speciality pochodząca z Brazylii, wypalona przez łotewską palarnię Rocket Bean. Palona jasno, idealna do ekspresu przelewowego, dripa, Chemexa, AeroPressa, French Pressa, oraz innych alternatywnych metod parzenia. W jej smaku pojawiają się naturalne nuty przypominające orzechy brazylijskie, karmel i liczi.",100% Arabica,Brazylia,200.0,225.0
1686,https://www.coffeedesk.pl/product/17599/Rocket-Bean-Colombia-La-Marianela-Estate-Kawa-Bezkofeinowa,47.0,200 g,Washed,Drip (Metody alternatywne),light,beans,"Bezkofeinowa kawa ziarnista jakości speciality z Kolumbii, wypalona w  łotewskiej palarni Rocket Bean. Palona jasno, sprawdzi się pod wszelkie przelewowe metody parzenia - od dripa, przez Chemex, AeroPress, French Press, inne alternatywne metody parzenia, aż po ekspresy przelewowe! W jej smaku pojawiają się naturalne nuty przypominające suszone śliwki, karmel, czekoladę oraz suszone jabłka.",100% Arabica,Kolumbia,200.0,235.0
1687,https://www.coffeedesk.pl/product/12022/Rocket-Bean-Ethiopia-Yirgacheffe-Chelbessa,38.0,200 g,Washed,Drip (Metody alternatywne),light,beans,"Kawa ziarnista jakości speciality z Etiopii, wypalona w  łotewskiej palarni Rocket Bean. Palona jasno, sprawdzi się pod wszelkie przelewowe metody parzenia - od dripa, przez Chemex, AeroPress, French Press, inne alternatywne metody parzenia, aż po ekspresy przelewowe! W jej smaku pojawiają się naturalne nuty przypominające czarną herbatę, słodycz suszonych moreli oraz delikatny aromat jaśminu.",100% Arabica,Etiopia,200.0,190.0
1688,https://www.coffeedesk.pl/product/16822/Rocket-Bean-Guatemala-Miss-Cascara-90G,33.0,90 g,,,,,"Cascara to wysuszona skórka owoców kawowca, z której można przygotować pyszny napar. W smaku przypomina czarną herbatę z nutami miodu lipowego i mandarynki. W porównaniu do kawy, cascara zawiera niewiele kofeiny.",None,Gwatemala,90.0,366.66666666666663
1689,https://www.coffeedesk.pl/product/16133/Rocket-Bean-Magic-Pussy-Ethiopia-Tirtira-Gajo-200G,56.0,200 g,Natural,espresso,medium,beans,"Kawa ziarnista jakości speciality z Etiopii, wypalona w  łotewskiej palarni Rocket Bean. Palona w średnim stopniu, sprawdzi się w ekspresach ciśnieniowych i kawiarek! W jej smaku pojawiają się naturalne nuty przypominające grilowaną brzoskwinię, gorzką czekoladę, suszonego melona, gałkę muszkatułową oraz jaśmin.",100% Arabica,Etiopia,200.0,280.0
1690,https://www.coffeedesk.pl/product/16392/Rocket-Bean-Magic-Pussy-Ethiopia-Tirtira-Gajo-500G,119.0,500 g,Natural,espresso,medium,beans,"Kawa ziarnista jakości speciality z Etiopii, wypalona w  łotewskiej palarni Rocket Bean. Palona w średnim stopniu, sprawdzi się w ekspresach ciśnieniowych i kawiarek! W jej smaku pojawiają się naturalne nuty przypominające grilowaną brzoskwinię, gorzką czekoladę, suszonego melona, gałkę muszkatołową oraz jaśmin.",100% Arabica,Etiopia,500.0,238.0
1691,https://www.coffeedesk.pl/product/11322/Rocket-Bean-Rocket-Fuel-Espresso-500G,75.0,500 g,,espresso,medium,beans,"Flagowa mieszanka kaw ziarnistych jakości speciality pochodzących z Brazylii i Kolumbii, wypalona przez łotewską palarnię Rocket Bean. Palona w średnim stopniu, przeznaczona do espresso - doskonale sprawdzi się w ekspresach ciśnieniowych i kawiarkach. W jej smaku pojawiają się naturalne nuty przypominające kakao, pomelo, słód, wanilię i karmelizowane jabłka.",100% Arabica,"Brazylia, Kolumbia",500.0,150.0
1692,https://www.coffeedesk.pl/product/17343/Rocket-Bean-Sweet-Dream-Colombia-Tolima-Excelso-Espresso-500G,88.0,500 g,Washed,espresso,medium,beans,"Kawa ziarnista jakości speciality pochodząca z Kolumbii, wypalona przez łotewską palarnię Rocket Bean. Palona w średnim stopniu, przeznaczona do espresso - doskonale sprawdzi się w ekspresach ciśnieniowych i kawiarkach. W naparze pojawiają się naturalne nuty przypominające trufle o smaku gorzkiej czekolady i karmelu, lody o smaku cykorii oraz orzechy brazylijskie.",100% Arabica,Kolumbia,500.0,176.0
1693,https://www.coffeedesk.pl/product/17755/Rocket-Bean-Colombia-Huila-San-Adolfo-Natural-60H-Anaerobic-Fil-200G--Kawa-Ziarnista-Outlet,78.4,200 g,Anaerobic,Drip (Metody alternatywne),light,beans,"Kawa ziarnista jakości speciality z Kolumbii, wypalona w łotewskiej palarni Rocket Bean. Palona jasno, sprawdzi się pod wszelkie przelewowe metody parzenia - od dripa, przez Chemex, AeroPress, French Press, inne alternatywne metody parzenia, aż po ekspresy przelewowe! W jej smaku pojawiają się naturalne nuty przypominające śliwki, owoc dzikiej róży, czerwone jabłka, ciastka maślane i jagody w czekoladzie.",100% Arabica,Kolumbia,200.0,392.0
1694,https://www.coffeedesk.pl/product/17764/Rocket-Bean-Colombia-Quindio-Rum-Aged-Fil-200G--Kawa-Ziarnista-Outlet,69.3,200 g,Rum Aged,Drip (Metody alternatywne),light,beans,"Kawa ziarnista jakości speciality z Kolumbii, wypalona w  łotewskiej palarni Rocket Bean. Palona jasno, sprawdzi się pod wszelkie przelewowe metody parzenia - od dripa, przez Chemex, AeroPress, French Press, inne alternatywne metody parzenia, aż po ekspresy przelewowe! W jej smaku pojawiają się naturalne nuty przypominające trufle czekoladowe z rumem, marcepan, suszoną papaję oraz jeżyny.",100% Arabica,Kolumbia,200.0,346.5
1695,https://www.coffeedesk.pl/product/16144/Royal-Beans-Autumn-Coffee-Honduras-Norma-Iris-Fiallos-48H-Macerated-Natural-125G,33.0,125 g,Macerated Natural,Drip (Metody alternatywne),light,beans,"Co kryje się za nazwą Royal Beans? Jeśli ziarno Speciality to kawowe wyżyny, nasze Royal Beans sięgają Himalajów! W tej serii przedstawiamy Wam sam wierzchołek kawowej piramidy, top topów, istne crème de la crème, cenne niczym klejnoty koronne. Anaerobic, Gesha, Nanolot, Lychee - co to znaczy nie po kawowemu? - Royal Beans to asortyment kaw wybranych przez nas z różnych palarni - łączy je wyjątkowy smak, limitowana produkcja, unikalne metody obróbki i najwyższa jakość. Gratka dla kawowych koneserów (również tych aspirujących)!

Kawa ziarnista jakości speciality z Hondurasu, wypalona przez polską palarnię Autumn Coffee Roasters. Palona w jasnym stopniu, idealna do ekspresu przelewowego, dripa, Chemexa, AeroPressa, French Pressa oraz innych alternatywnych metod parzenia. W jej smaku można wyczuć maliny, figi, wiśnie, orzechy pekan, kwiaty kawowca oraz różowe grejpfruty.",100% Arabica,Honduras,125.0,264.0
1696,https://www.coffeedesk.pl/product/16143/Royal-Beans-Autumn-Coffee-Honduras-Pedro-Joel-Fiallos-90H-Macerated-Natural-125G,33.0,125 g,Macerated Natural,Drip (Metody alternatywne),light,beans,"Co kryje się za nazwą Royal Beans? Jeśli ziarno Speciality to kawowe wyżyny, nasze Royal Beans sięgają Himalajów! W tej serii przedstawiamy Wam sam wierzchołek kawowej piramidy, top topów, istne crème de la crème, cenne niczym klejnoty koronne. Anaerobic, Gesha, Nanolot, Lychee - co to znaczy nie po kawowemu? - Royal Beans to asortyment kaw wybranych przez nas z różnych palarni - łączy je wyjątkowy smak, limitowana produkcja, unikalne metody obróbki i najwyższa jakość. Gratka dla kawowych koneserów (również tych aspirujących)!

Kawa ziarnista jakości speciality z Hondurasu, wypalona przez polską palarnię Autumn Coffee Roasters. Palona w jasnym stopniu, idealna do ekspresu przelewowego, dripa, Chemexa, AeroPressa, French Pressa oraz innych alternatywnych metod parzenia. W filiżance można wyczuć nuty kantalupy, jagód, wanilii, czerwonej pomarańczy oraz arbuza.",100% Arabica,Honduras,125.0,264.0
1697,https://www.coffeedesk.pl/product/17246/Royal-Beans-Fjord-El-Salvador-Divina-Providencia-Coe-Pacamara-Anaerobic,110.0,250 g,Anaerobic,Drip (Metody alternatywne),light,beans,"Kawa ziarnista jakości speciality pochodząca z Salwadoru, wypalana przez niemiecką palarnię Fjord. Palona jasno, idealna do ekspresu przelewowego, dripa, Chemexa, AeroPressa, French Pressa, oraz innych alternatywnych metod parzenia. W smaku są wyczuwalne nuty cytrusów, suszonego mango i miodu.",100% Arabica,Salwador,250.0,440.0
1698,https://www.coffeedesk.pl/product/13078/Royal-Beans-Hard-Beans-Boliwia-El-Fuerte-Lot25-And-Lot27-2-X-125G,73.0,250 g,Washed,Drip (Metody alternatywne),light,beans,"Kawa ziarnista jakości speciality pochodząca z Boliwii, wypalana przez polską palarnię Hard Beans. Palona jasno, sprawdzi się do ekspresu przelewowego, dripa, Chemexa, AeroPressa, French Pressa, oraz innych alternatywnych metod parzenia. W smaku można spodziewać się nut zbliżonych do kwiatów, gruszki, białej czekolady, mirabelki i ziaren kakaowca.

W jednym pudełku znajdziesz ziarno odmiany Java, pochodzące z jednej farmy, jednak z innych zbiorów i poddane nieco innej obróbce: oto lot #25 i #27. Obydwa zbiory/loty były starannie obrobione w znajdującym się na farmie młynie, a następnie poddane fermentacji przez 20/22 godziny. Suszenie odbywało się głównie mechanicznie w stacjonarnej suszarce o stale kontrolowanej temperaturze (poniżej 35 stopni Celsjusza). Wyjątkiem była jedna noc, kiedy to lot #25 był suszony na podwyższonych afrykańskich łożach.",100% Arabica,Boliwia,250.0,292.0
1699,https://www.coffeedesk.pl/product/17604/Royal-Beans-Hard-Beans-Panama-Finca-Deborah-200G,75.0,200 g,Natural,Drip (Metody alternatywne),light,beans, ,100% Arabica,Panama,200.0,375.0
1700,https://www.coffeedesk.pl/product/16211/Royal-Beans-Hayb-Kolumbia-Diego-Samuel-Bermudez-El-Paraiso-Pink-Bourbon-200G,89.0,200 g,Washed,Drip (Metody alternatywne),light,beans,"Kawa ziarnista jakości speciality pochodząca z Kolumbii, wypalona w warszawskiej palarni HAYB. Palona jasno, idealna do ekspresu przelewowego, dripa, Chemexa, AeroPressa, French Pressa, oraz innych alternatywnych metod parzenia. W smaku pojawiają się nuty szampana z brzoskwinią, granatu i miodu.
 ",100% Arabica,Kolumbia,200.0,445.0
1701,https://www.coffeedesk.pl/product/17743/Royal-Beans-La-Cabra-Masterpieces-Brazil-Rcnaf-150G,109.0,150 g,Natural,"drip, espresso",light,beans, ,100% Arabica,Brazylia,150.0,726.6666666666666
1702,https://www.coffeedesk.pl/product/17460/Royal-Beans-Lacava-Kolumbia-Diego-Bermudez,82.0,200 g,Washed,Drip (Metody alternatywne),light,beans,"Kawa ziarnista jakości speciality pochodząca z Kolumbii, wypalona w palarni LaCava. Palona jasno, idealna do ekspresu przelewowego, dripa, Chemexa, AeroPressa, French Pressa, oraz innych alternatywnych metod parzenia. W smaku wyczuwalne są nuty moreli, mango, mandarynki, marmolady oraz syropu z bzu.",100% Arabica,Kolumbia,200.0,410.0
1703,https://www.coffeedesk.pl/product/17600/Royal-Beans-Rocket-Bean-Brazil-Fazenda-Sao-Silvestre-Cryo,73.0,200 g,CRYO,Drip (Metody alternatywne),light,beans,"Co kryje się za nazwą Royal Beans? Jeśli ziarno Speciality to kawowe wyżyny, nasze Royal Beans sięgają Himalajów! W tej serii przedstawiamy Wam sam wierzchołek kawowej piramidy, top topów, istne crème de la crème, cenne niczym klejnoty koronne. Anaerobic, Gesha, Nanolot, Lychee - co to znaczy nie po kawowemu? - Royal Beans to asortyment kaw wybranych przez nas z różnych palarni - łączy je wyjątkowy smak, limitowana produkcja, unikalne metody obróbki i najwyższa jakość. Gratka dla kawowych koneserów (również tych aspirujących)!

Kawa ziarnista jakości speciality pochodząca z Brazylii, wypalona przez łotewską palarnię Rocket Bean. Palona jasno, idealna do ekspresu przelewowego, dripa, Chemexa, AeroPressa, French Pressa, oraz innych alternatywnych metod parzenia. W jej smaku pojawiają się naturalne nuty przypominające ciastka z orzechami makadamia oraz białą czekoladą, gorzką czekoladę z orzechami laskowymi, suszone daktyle oraz żółty agrest.",100% Arabica,Brazylia,200.0,365.0
1704,https://www.coffeedesk.pl/product/16413/Royal-Beans-Sloane-El-Salvador-La-Divina-Kombucha-200G,68.0,200 g,Semi-Washed Kombucha Experiment,"drip, espresso",medium,beans,"Kawa ziarnista jakości speciality pochodząca z Salwadoru, wypalona w rumuńskiej palarni Sloane przez Bogdana Georegscu, wicemistrza świata roasterów z 2019 roku. Palona w średnim stopniu, idealna zarówno do ekspresu przelewowego, dripa, Chemexa, AeroPressa, French Pressa oraz innych alternatywnych metod parzenia, jak i do espresso i kawiarek. W smaku naparu można się spodziewać nut wiśni, lukrecji, granatu, skondensowanego mleka oraz Pinot Noir.",100% Arabica,Salwador,200.0,340.0
1705,https://www.coffeedesk.pl/product/17444/Rusty-Nails-Burundi-Ngozi-Gashinkanwa,60.0,250 g,Natural,Drip (Metody alternatywne),light,beans,"Kawa ziarnista jakości speciality pochodząca z Burundi, wypalona przez czeską palarnię Rusty Nails. Palona jasno, idealna do ekspresu przelewowego, dripa, Chemexa, AeroPressa, French Pressa, oraz innych alternatywnych metod parzenia. W smaku można wyczuć nuty wody różanej, czerwonej śliwki i różowego grejpfruta.",100% Arabica,Burundi,250.0,240.0
1706,https://www.coffeedesk.pl/product/16862/Rusty-Nails-Colombia-Arlex-Munoz,58.0,250 g,Washed,Drip (Metody alternatywne),light,beans,"Kawa ziarnista jakości speciality pochodząca z Kolumbii, wypalona w czeskiej palarni Rusty Nails. Jasno palona, idealna do ekspresu przelewowego, dripa, Chemexa, AeroPressa, oraz innych alternatywych metod parzenia. W samku wyczuwalne są nuty guawy, wiśni oraz cukru trzcinowego.",100% Arabica,Kolumbia,250.0,232.0
1707,https://www.coffeedesk.pl/product/7948/Rusty-Nails-El-Salvador-Las-Palmas,65.0,250 g,Yeast Process,Drip (Metody alternatywne),light,beans,"Kawa ziarnista jakości speciality pochodząca z Salwadoru, wypalona przez czeską palarnię Rusty Nails. Palona jasno, idealna do ekspresu przelewowego, dripa, Chemexa, AeroPressa, French Pressa, oraz innych alternatywnych metod parzenia. W smaku można wyczuć nuty owoców pestkowych, tamaryndowca i werbeny.",100% Arabica,Salwador,250.0,260.0
1708,https://www.coffeedesk.pl/product/17445/Rusty-Nails-Rwanda-Simbi,60.0,250 g,Natural,Drip (Metody alternatywne),light,beans,"Kawa ziarnista jakości speciality pochodząca z Rwandy, wypalona przez czeską palarnię Rusty Nails. Palona jasno, idealna do ekspresu przelewowego, dripa, Chemexa, AeroPressa, French Pressa, oraz innych alternatywnych metod parzenia. W smaku można wyczuć nuty soczystych truskawek, owoców granata oraz słodycz dżemu z ciemnych winogron.",100% Arabica,Rwanda,250.0,240.0
1709,https://www.coffeedesk.pl/product/9096/Simplo-Bang-Bang-Espresso,31.0,250 g,,espresso,medium,beans,"Mieszanka kaw ziarnistych pochodzących z Brazylii, Peru i Wietnamu, wypalona w warszawskiej palarni SIMPLo. Palona w średnim stopniu, przeznaczona do espresso - doskonale sprawdzi się w ekspresach ciśnieniowych i kawiarkach. 

W smaku pojawia się sporo słodyczy, szczególnie nuty przypominające kakao, orzechy włoskie, suszone śliwki i goździki. Kawa ma średnie body i posmakuje miłośnikom włoskiego espresso z nowoczesnym sznytem. Po dodaniu mleka, smak zbliża się do orzechów makadamia.",None,"Brazylia, Peru, Wietnam",250.0,124.0
1710,https://www.coffeedesk.pl/product/9098/Simplo-Brazylia-Aguas-De-Marco-Filter,33.0,250 g,Pulped natural,Drip (Metody alternatywne),medium,beans,"Kawa ziarnista jakości speciality pochodząca z Brazylii, wypalona w warszawskiej palarni SIMPLo. Palona w średnio-jasnym stopniu, idealna do ekspresu przelewowego, dripa, Chemexa, AeroPressa, French Pressa oraz innych alternatywnych metod parzenia, jednak kawa jest również warta spróbowania z kawiarki i ekspresu ciśnieniowego.

W smaku pojawia się sporo słodyczy, szczególnie nuty przypominające czekoladę, karmel, orzechy i owoce pestkowe, szczególnie śliwka i nektarynka. Spróbuj także z odrobiną mleka dla podbicia nut orzechowych.",100% Arabica,Brazylia,250.0,132.0
1711,https://www.coffeedesk.pl/product/9095/Simplo-Brazylia-Pressure-Drop-Espresso-Kawa-Bezkofeinowa,47.0,250 g,Pulped natural,espresso,dark,beans,"Bezkofeinowa kawa ziarnista jakości speciality pochodząca z Brazylii, wypalona w warszawskiej palarni SIMPLo. Palona w ciemnym stopniu, przeznaczona do espresso - doskonale sprawdzi się w ekspresach ciśnieniowych i kawiarkach.

Jej smak jest przepełniony słodyczą przypominającą ciastka, wanilię i kakao. Kofeina jest wypłukiwana z ziarna przy użyciu wody z dwutlenkiem węgla, bez użycia sztucznych substancji.",100% Arabica,Brazylia,250.0,188.0
1712,https://www.coffeedesk.pl/product/15685/Simplo-Kostaryka-Harlem-River,59.0,250 g,Washed,Drip (Metody alternatywne),light,beans,"Kawa ziarnista jakości speciality z Kostaryki wypalona w warszawskiej palarni SIMPLo. Palona jasno, idealna do ekspresu przelewowego, dripa, Chemexa, AeroPressa, French Pressa, oraz innych alternatywnych metod parzenia. Możesz w niej wyczuć nuty ananasa, truskawki oraz czekolady.",100% Arabica,Kostaryka,250.0,236.0
1713,https://www.coffeedesk.pl/product/17509/Sloane-Brazil-Santiago,47.0,250 g,Pulped natural,"drip, espresso",medium,beans,"Kawa ziarnista jakości speciality pochodząca z Brazylii, wypalona w rumuńskiej palarni Sloane przez Bogdana Georegscu, wicemistrza świata roasterów z 2019 roku. Palona w średnim stopniu, idealna zarówno do ekspresu przelewowego, dripa, Chemexa, AeroPressa, French Pressa oraz innych alternatywnych metod parzenia, jak i do espresso i kawiarek. W smaku naparu można się spodziewać nut nektarynki, nerkowców, gałki muszkatołowej, wanilii oraz mlecznej czekolady.",100% Arabica,Brazylia,250.0,188.0
1714,https://www.coffeedesk.pl/product/13421/Sloane-Kenya-Kangiri-Aa,63.0,250 g,Washed,"drip, espresso",medium,beans,"Kawa ziarnista jakości speciality pochodząca z Kenii, wypalona w rumuńskiej palarni Sloane przez Bogdana Georegscu, wicemistrza świata roasterów z 2019 roku. Palona w średnim stopniu, idealna zarówno do ekspresu przelewowego, dripa, Chemexa, AeroPressa, French Pressa oraz innych alternatywnych metod parzenia, jak i do espresso i kawiarek. W smaku naparu można się spodziewać nut soku jabłkowego, czarnej porzeczki, kiwi, grejpfruta oraz persymony.",100% Arabica,Kenia,250.0,252.0
1715,https://www.coffeedesk.pl/product/13422/Sloane-Rwanda-Kinini-Peaberry,64.0,250 g,Natural,"drip, espresso",medium,beans,"Kawa ziarnista jakości speciality pochodząca z Rwandy, wypalona w rumuńskiej palarni Sloane przez Bogdana Georegscu, wicemistrza świata roasterów z 2019 roku. Palona w średnim stopniu, idealna zarówno do ekspresu przelewowego, dripa, Chemexa, AeroPressa, French Pressa oraz innych alternatywnych metod parzenia, jak i do espresso i kawiarek. W smaku naparu można się spodziewać nut płatków róż, borówek, czarnych winogron, gorzkiej czekolady oraz brzoskwini.",100% Arabica,Rwanda,250.0,256.0
1716,https://www.coffeedesk.pl/product/17806/Sloane-Colombia-Huila-Felipe-Arcila-Natural-Mandarine-Omni-200G--Kawa-Ziarnista-Outlet,104.3,200 g,Anaerobic,"drip, espresso",medium,beans,"Kawa ziarnista jakości speciality pochodząca z Kolumbii, wypalona w rumuńskiej palarni Sloane przez Bogdana Georegscu, wicemistrza świata roasterów z 2019 roku. Palona w średnim stopniu, idealna zarówno do ekspresu przelewowego, dripa, Chemexa, AeroPressa, French Pressa oraz innych alternatywnych metod parzenia, jak i do espresso i kawiarek. W smaku naparu można się spodziewać nut mandarynki, gorzkiej czekolady, wiśni oraz sosu angielskiego.",100% Arabica,Kolumbia,200.0,521.5
1717,https://www.coffeedesk.pl/product/14040/Solberg-And-Hansen-Ethiopia-Chelbessa-Black-Coffee-Vol-20,49.0,250 g,Natural,Drip (Metody alternatywne),light,beans,"Kawa ziarnista jakości speciality pochodząca z Etiopii, wypalona w norweskiej palarni Solberg & Hansen. Jasno palona, idealna do ekspresu przelewowego, dripa, Chemexa, AeroPressa, oraz innych alternatywych metod parzenia. Można w niej wyczuć nuty jagód, truskawek, pomarańczy i czekolady.",100% Arabica,Etiopia,250.0,196.0
1718,https://www.coffeedesk.pl/product/17123/Solberg-And-Hansen-Peru-San-Francisco,50.0,250 g,Washed,Drip (Metody alternatywne),light,beans,"Kawa ziarnista jakości speciality pochodząca z Peru, wypalona w norweskiej palarni Solberg & Hansen. Palona jasno, idealna do ekspresu przelewowego, dripa, Chemexa, AeroPressa, French Pressa, oraz innych alternatywnych metod parzenia. Soczysta, słodka, o pełnym body.",100% Arabica,Peru,250.0,200.0
1719,https://www.coffeedesk.pl/product/16656/Story-Coffee-Etiopia-Chelbesa-Dhilgee,59.0,250 g,Washed,Drip (Metody alternatywne),light,beans,"Kawa ziarnista jakości speciality pochodząca z Etiopii, wypalona w warszawskiej palarni Story Coffee Roasters. Palona jasno, idealna do ekspresu przelewowego, dripa, Chemexa, AeroPressa, French Pressa, oraz innych alternatywnych metod parzenia. W smaku wyczuwalne są nuty herbaty, kwiatów, moreli oraz cytryny.",100% Arabica,Etiopia,250.0,236.0
1720,https://www.coffeedesk.pl/product/17807/Story-Coffee-Etiopia-Yirgacheffe-Chelbesadhilgee-Washed-Fil-250G--Kawa-Ziarnista-Outlet,41.3,250 g,Washed,Drip (Metody alternatywne),light,beans,"Kawa ziarnista jakości speciality pochodząca z Etiopii, wypalona w warszawskiej palarni Story Coffee Roasters. Palona jasno, idealna do ekspresu przelewowego, dripa, Chemexa, AeroPressa, French Pressa, oraz innych alternatywnych metod parzenia. W smaku wyczuwalne są nuty herbaty, kwiatów, moreli oraz cytryny.",100% Arabica,Etiopia,250.0,165.2
1721,https://www.coffeedesk.pl/product/17808/Story-Coffee-Gwatemala-Winter-Coffee-Esp-250G--Kawa-Ziarnista-Outlet,31.5,250 g,Washed,espresso,medium,beans,"Kawa ziarnista jakości speciality pochodząca z Gwatemali, wypalana w warszawskiej palarni Story Coffee. Palona w średnim stopniu, sprawdzi się w ekspresach ciśnieniowych i kawiarkach. W smaku wyczuwalne są nuty czekoladowych pralin, marcepanu oraz czerwonego jabłka.",100% Arabica,Gwatemala,250.0,126.0
1722,https://www.coffeedesk.pl/product/9216/The-Barn-Colombia-La-Laja-Espresso,64.0,250 g,Washed,espresso,medium,beans,"Kawa ziarnista jakości speciality pochodząca z Kolumbii, wypalona w berlińskiej palarni The Barn. Palona w średnim stopniu, idealna do espresso - sprawdzi się w ekspresach ciśneniowych i kawiarkach. W naparze dominuje słodycz - pojawiają się nuty przypominające jagody, czarną herbatę i nektar owocowy.",100% Arabica,Kolumbia,250.0,256.0
1723,https://www.coffeedesk.pl/product/11844/The-Barn-Indonesia-Radiophare,68.0,250 g,Natural,Drip (Metody alternatywne),light,beans,"Kawa ziarnista jakości speciality z Indonezji, wypalona w niemieckiej palarni The Barn. Palona jasno, sprawdzi się pod wszelkie przelewowe metody parzenia - od dripa, przez Chemex, AeroPress, French Press, inne alternatywne metody parzenia, aż po ekspresy przelewowe! W smaku są wyczuwalne nuty marakui oraz cynamonu, z mlecznym posmakiem.",100% Arabica,Indonezja,250.0,272.0
1724,https://www.coffeedesk.pl/product/17407/The-White-Bear-Brazylia-Guaxupe-Espresso,29.0,250 g,Natural,espresso,medium,beans,"Kawa ziarnista jakości speciality pochodząca z Brazylii, wypalona w z białostockiej palarni The White Bear. Palona w średnim stopniu, przeznaczona do espresso - sprawdzi się w ekspresach ciśnieniowych i kawiarkach. W filiżance można odnaleźć słodycz czekolady i karmelu oraz aromat kwiatów.",100% Arabica,Brazylia,250.0,116.0
1725,https://www.coffeedesk.pl/product/17410/The-White-Bear-Etiopia-Konga,59.0,250 g,Washed,Drip (Metody alternatywne),light,beans,"Kawa ziarnista jakości speciality pochodząca z Etiopii, wypalona w białostockiej palarni The White Bear. Palona w jasnym stopniu, sprawdzi się zarówno do ekspresu ciśnieniowego oraz kawiarki, jak i do ekspresu przelewowego, dripa, Chemexa, AeroPressa, French Pressa i innych alternatywnych metod parzenia. W smaku pojawia się słodycz miodu, kwasowość limonki, lekka nuta zielonego jabłka oraz aromat jaśminu.",100% Arabica,Etiopia,250.0,236.0
1726,https://www.coffeedesk.pl/product/17411/The-White-Bear-Honduras-Los-Llanos,58.0,250 g,Anaerobic,Drip (Metody alternatywne),light,beans,"Kawa ziarnista jakości speciality pochodząca z Hondurasu, wypalona w białostockiej palarni The White Bear. Palona w jasnym stopniu, sprawdzi się zarówno do ekspresu ciśnieniowego oraz kawiarki, jak i do ekspresu przelewowego, dripa, Chemexa, AeroPressa, French Pressa i innych alternatywnych metod parzenia. W smaku pojawiają się owocowe nuty ananasa, borówki, marakui oraz maliny.",100% Arabica,Honduras,250.0,232.0
1727,https://www.coffeedesk.pl/product/17409/The-White-Bear-Kolumbia-El-Horizonte,60.0,250 g,Washed i natural,Drip (Metody alternatywne),light,beans,"Kawa ziarnista jakości speciality pochodząca z Kolumbii, wypalona w białostockiej palarni The White Bear specjalnie dla Coffeedesk. Palona w jasnym stopniu, sprawdzi się zarówno do ekspresu ciśnieniowego oraz kawiarki, jak i do ekspresu przelewowego, dripa, Chemexa, AeroPressa, French Pressa i innych alternatywnych metod parzenia. W smaku pojawia się owocowość truskawki, porzeczkowa kwasowość oraz słodycz czekolady.",100% Arabica,Kolumbia,250.0,240.0
1728,https://www.coffeedesk.pl/product/17408/The-White-Bear-Kolumbia-Medellin-Espresso,29.0,250 g,Washed,espresso,medium,beans,"Kawa ziarnista jakości speciality pochodząca z Kolumbii, wypalona w z białostockiej palarni The White Bear. Palona w średnim stopniu, przeznaczona do espresso - sprawdzi się w ekspresach ciśnieniowych i kawiarkach. W filiżance można odnaleźć słodycz czekolady i orzechów, wraz z waniliowym aromatem.",100% Arabica,Kolumbia,250.0,116.0
1729,https://www.coffeedesk.pl/product/17412/The-White-Bear-Rwanda-Gihanga,58.0,250 g,Natural,Drip (Metody alternatywne),light,beans,"Kawa ziarnista jakości speciality pochodząca z Rwandy, wypalona w białostockiej palarni The White Bear. Palona w jasnym stopniu, sprawdzi się zarówno do ekspresu ciśnieniowego oraz kawiarki, jak i do ekspresu przelewowego, dripa, Chemexa, AeroPressa, French Pressa i innych alternatywnych metod parzenia. W smaku pojawiają się owocowe nuty moreli, pomarańczy oraz truskawki.",100% Arabica,Rwanda,250.0,232.0
1730,https://www.coffeedesk.pl/product/14175/Tu-Cafe-Etiopia-Worka-Wuri,45.0,250 g,Washed,Drip (Metody alternatywne),light,beans,"Kawa ziarnista jakości speciality pochodząca z Etiopii, wypalona w polskiej palarni Tu Café. Palona w jasnym stopniu, sprawdzi się zarówno do ekspresu ciśnieniowego oraz kawiarki, jak i do ekspresu przelewowego, dripa, Chemexa, AeroPressa, French Pressa i innych alternatywnych metod parzenia. W smaku pojawiają się nuty cytrusów, wiśni, czekolady oraz świeżo wypieczonego chleba.",100% Arabica,Etiopia,250.0,180.0
1731,https://www.coffeedesk.pl/product/16375/Tu-Cafe-Gwatemala-Huehuetenango-La-Maravilla,45.0,250 g,Washed,Drip (Metody alternatywne),light,beans,"Kawa ziarnista jakości speciality pochodząca z Gwatemali, wypalona w polskiej palarni Tu Café. Palona w jasnym stopniu, sprawdzi się zarówno do ekspresu ciśnieniowego oraz kawiarki, jak i do ekspresu przelewowego, dripa, Chemexa, AeroPressa, French Pressa i innych alternatywnych metod parzenia. W smaku pojawiają się nuty słodkich wiśni, truskawek, jagód i mlecznej czekolady.",100% Arabica,Gwatemala,250.0,180.0
1732,https://www.coffeedesk.pl/product/15681/Tu-Cafe-Honduras-La-Paz,41.0,250 g,Washed,Drip (Metody alternatywne),light,beans,"Kawa ziarnista jakości speciality pochodząca z Hondurasu, wypalona w polskiej palarni Tu Café. Palona w jasnym stopniu, sprawdzi się zarówno do ekspresu ciśnieniowego oraz kawiarki, jak i do ekspresu przelewowego, dripa, Chemexa, AeroPressa, French Pressa i innych alternatywnych metod parzenia. W smaku pojawiają się nuty miodu, czekolady, orzechów oraz słodkiej pomarańczy.",100% Arabica,Honduras,250.0,164.0
1733,https://www.coffeedesk.pl/product/16373/Tu-Cafe-Kenia-Kangubiri-Ab,49.0,250 g,Washed,Drip (Metody alternatywne),light,beans,"Kawa ziarnista jakości speciality pochodząca z Kenii, wypalona w polskiej palarni Tu Café. Palona w jasnym stopniu, sprawdzi się zarówno do ekspresu ciśnieniowego oraz kawiarki, jak i do ekspresu przelewowego, dripa, Chemexa, AeroPressa, French Pressa i innych alternatywnych metod parzenia. W smaku pojawiają się nuty brzoskwini, karmelu i jagód.",100% Arabica,Kenia,250.0,196.0
1734,https://www.coffeedesk.pl/product/15680/Tu-Cafe-Kostaryka-La-Candelilla,45.0,250 g,Honey,Drip (Metody alternatywne),light,beans,"Kawa ziarnista jakości speciality pochodząca z Kostaryki, wypalona w polskiej palarni Tu Café. Palona w jasnym stopniu, sprawdzi się zarówno do ekspresu ciśnieniowego oraz kawiarki, jak i do ekspresu przelewowego, dripa, Chemexa, AeroPressa, French Pressa i innych alternatywnych metod parzenia. W smaku pojawiają się nuty gruszki oraz pieczonego jabłka, wraz z kwiatowym aromatem.",100% Arabica,Kostaryka,250.0,180.0
1735,https://www.coffeedesk.pl/product/16826/Wroasters-Nikaragua-La-Bastilla,45.0,250 g,Natural,Drip (Metody alternatywne),light,beans,"Kawa ziarnista jakości speciality pochodząca z Nikaragui, wypalana we wrocławskiej palarni Wroasters (Etno Cafe). Palona jasno, idealna do ekspresu przelewowego, dripa, Chemexa, AeroPressa, French Pressa, oraz innych alternatywnych metod parzenia. W smaku wyczuwalne są nuty białych winogron oraz brązowego cukru.",100% Arabica,Nikaragua,250.0,180.0
1736,https://www.coffeedesk.pl/product/400/Zestaw-6-Puszek-Kawy-Mielonej-Illy-Espresso-250G,169.0,250 g,,espresso,dark,ground,Zestaw 6 wyśmienitych włoskich kaw mielonych Illy Espresso 100% Arabica (6 x 250g)  w wyjątkowej cenie. ,100% Arabica,None,250.0,676.0
1737,https://www.coffeedesk.pl/product/17278/Zestaw-3-X-Kawa-Johan-And-Nystrom-Espresso-2--Lyzka-Cuppingowa-Barista-Space,208.01,,,,,,"- Kawa ziarnista Johan & Nyström - Bourbon Jungle 500g:

Tło dla tej mieszanki, pochodzi z tęsknoty za prawdziwym, ciemnym paleniem kawy o wysokiej jakości ziarnach. Mimo, że ziarna są ciemno palone, utrzymuje się ich wyraźny i intensywny aromat. Kawa ta posiada przyjemnie dymny posmak, z lekką nutą słodyczy, oraz ze sporą owocowością.

Dzięki doświadczeniu w ciemnym  paleniu kawy,  ziarno nadal zachowuje większość swoich aromatów. Posmak jest wyraźny i pozostaje na długo. Kawa idealne pasuje do ekspresów przelewowych, ekspresów ciśnieniowych, kawiarek i french pressów.

W obecnej mieszance znajdują się ziarna:
- Brazylia Primavera
- Salwador Menendez 84+
- Burundi Aahore Blend
- Burundi Long Miles Gaharo EX
  - Kawa ziarnista Johan & Nyström - Buena Vista Fairtrade 500g:

Buena Vista jest kawą sprawiedliwego handlu Fair Trade. Zawiera w 100% organiczne i certyfikowane ziarna kawy. To zdrowa mieszanka, która najlepiej smakuje jako napar przyrządzony za pomocą french pressa lub ekspresu przelewowego.

Mieszanka ta zawiera ziarna kawy z obszarów Etipoii, Nikaragui i Sumatry. Kompozycja może ulec zmianie w zależności od sezonu i  dostępności kawy.  Dobrze wyważone i łagodnie palone ziarna,  pozwalają wyrazić swoje indywidualne i naturalne aromaty.  Beuna Vista to mieszanka, której trzeba spróbować.

Znak Fairtrade, stanowi gwarancję, że stosunkowo duża część pieniędzy, które konsument płaci za kawę, dociera bezpośrednio do plantacji.

Aktualna mieszanka zawiera następujące ziarna:
Etiopien Hafursa
Etiopien Yirgacheffe
Sumatra Gayo
Nikaragua Corcasan
  - Kawa mielona Johan & Nyström - Fika 500g:

Fika to ważny element szwedzkiej kultury, oznaczający przerwę na kawę lub herbatę. W tym przypadku jest to także kawa, która została stworzona aby kultywować tę tradycję.

Jest to kawa o pełnym body, idealnie zbalansowana, z delikatnymi nutami kakao.

Świetnie sprawdzi się w ekspresach przelewowych, french pressie lub w kawiarce, zarówno solo, jak i z dodatkiem mleka.
  - Barista Space - Łyżka cuppingowa złota:

Łyżka do cuppingu wykonana ze stali nierdzewnej, w kolorze złotym. Używana w kawiarniach, palarniach oraz przez kawowe organizacje na całym świecie - niezbędna do rozwijania umiejętności sensorycznych każdego baristy.

Najważniejsze cechy:
- wykonana ze stali nierdzewnej,
- długość: 15 cm, szerokość miseczki: 4,3 cm,
- do łyżki jest dołączony woreczek ochronny,
- należy myć ręcznie.",None,None,0.0,inf
1738,https://www.coffeedesk.pl/product/17276/Zestaw-3-X-Kawa-Johan-And-Nystrom-Espresso--Lyzka-Cuppingowa-Barista-Space,228.0,,,,,,"- Kawa ziarnista Johan & Nyström - Fundamental Espresso 500g:

Fundamental to nowa mieszanka kaw ziarnistych jakości speciality, wypalona przez szwedzką palarnię Johan & Nyström. W blendzie znajdziesz ziarno z Brazylii, Burundi i Peru.

Kawa jest palona w średnim stopniu, przeznaczona do espresso - doskonale sprawdzi się w ekspresach ciśnieniowych i kawiarkach. W jej smaku można wyczuć sporo słodyczy, z delikatną nutą nektarynki i kremowym nugatem.

Wszystkie ziarna w mieszance pochodzą z upraw rolników, z którymi palarnia współpracuje bezpośrednio od wielu lat.

Mieszanka zawiera ziarna arabik:
- Brazylia FAF Bobolink Direct Trade
- Burundi Long Miles
- Peru Incahuasi San Fernando Natural Organic
  - Kawa ziarnista Johan & Nyström - Espresso Fairtrade FTO 500g:

Flagowa mieszanka ziaren jakości speciality ze szwedzkiej palarni Johan & Nyström. Palona w średnim stopniu, przeznaczona do espresso - doskonale sprawdzi się w ekspresach ciśnieniowych i kawiarkach.

Na blend składają się organiczne ziarna z Etiopii, Sumatry i Nikaragui. Wspólnie tworzą pełne brzmienia espresso, o delikatnym czekoladowym zabarwieniu i z nutą słodkich owoców. Ziarno z Etiopii zapewnia lekkość i owocowość, natomiast kawa z Sumatry i Niaragui nadaje cięższego, słodkiego charakteru. To niezwykłe espresso, które jest zarówno smaczne, jak i przygotowane w etyczny sposób od samego ziarna kawy.

Ziarna kawy pochodzą od spółdzielni, które są certyfikowane przez organizację Fair Trade Organic. Sadzonki są całkowicie ekologiczne, a organizacja upewnia się, że plantatorzy kawy uzyskują uczciwą zapłatę, a tym samym wsparcie dla tworzenia długoterminowych, zrównoważonych plantacji.

Oto 4 kawy, które znajdują się w tej mieszance:

Etiopia Sidamo Coop Gr3 Natural
Etiopia Gr2 Washed
Sumatra Gayo
Nikaragua SHG FTO
  - Kawa ziarnista Johan & Nyström - Espresso La Bomba 500g:

Jeśli kiedykolwiek doświadczyliście espresso w jednym z małych barów kawowych w południowych Włoszech, w szczególności w Neapolu, to wiecie co znaczy smak espresso. Obecność robusty w naszej mieszance nadaje kawie mocny charakter oraz ziemisty smak, połączony z delikatną nutką kakao i długo utrzymującą się kwaskowatością.

Mieszanka zawiera ziarna:
- Uganda Robusta Kaweri Plantation
- Brasilien Mogiana Coop
- El Salvador Las Delicias Estate
- Nicaragua Royal
  - Barista Space - Łyżka cuppingowa złota:

Łyżka do cuppingu wykonana ze stali nierdzewnej, w kolorze złotym. Używana w kawiarniach, palarniach oraz przez kawowe organizacje na całym świecie - niezbędna do rozwijania umiejętności sensorycznych każdego baristy.

Najważniejsze cechy:
- wykonana ze stali nierdzewnej,
- długość: 15 cm, szerokość miseczki: 4,3 cm,
- do łyżki jest dołączony woreczek ochronny,
- należy myć ręcznie.",None,None,0.0,inf
1739,https://www.coffeedesk.pl/product/17275/Zestaw-3-X-Kawa-Johan-And-Nystrom-Filter--Lyzka-Cuppingowa-Barista-Space,151.9,,,,,,"- Kawa ziarnista Johan & Nyström - Ethiopia Welena 250g:

Kawa ziarnista jakości speciality pochodząca z Etiopii, wypalona w szwedzkiej palarni Johan & Nystrom. Palona w jasnym stopniu, sprawdzi się zarówno do ekspresu ciśnieniowego oraz kawiarki, jak i do ekspresu przelewowego, dripa, Chemexa, AeroPressa, French Pressa i innych alternatywnych metod parzenia.

Welena to etiopska kawa, w której odnajdziesz esencję smaków i aromatów charakterystycznych dla regionu, z którego pochodzi. Złożona, o czystych nutach przypominających brzoskwinie, różowego grejpfruta i bergamotkę, wraz z kwiatowym aromatem.
  Kraj pochodzenia: Etiopia
Region: Oromia, Guji, Shakiso
Farmer: Tesfaye Bekele
Farmy: Suke Quto oraz Welena
Wysokość uprawy: 1800 - 1930 m n.p.m.
Odmiana: 100% Arabika, lokalne odmiany
Obróbka: Myta
  - Kawa ziarnista Johan & Nyström - Brazil Fortaleza 250g:

Kawa ziarnista jakości speciality pochodząca z Brazylii, wypalana przez szwedzką palarnie Johan & Nystrom. Palona jasno, sprawdzi się przede wszystkim w przelewowych metodach parzenia. Fortaleza to doskonale zbalansowana, o naturalnych nutach czekolady, orzechów laskowych i wiśni - propozycja skierowana do tych, którzy w kawie poszukują naturalnej słodyczy.

Ziarna pochodzą z brazylijskiej farmy Fazenda Ambiental Fortaleza, która od ponad stu lat jest własnością rodziny Croce.

Kawa jest wynikiem lokalnej współpracy Marcusa Croce z sąsiednimi farmami. Dzięki temu produkcja przebiega w przyjacielskiej atmosferze, zachowując etyczny wymiar pracy przy najwyższej dbałości o jakość. Farma rozciąga się na wysokości pomiędzy 900 a 1400 metrami i uprawia się tam arabikę typu Bourbon, Mundo Novo oraz Catuai.
  - Kawa ziarnista Johan & Nyström - Burundi Gitwe Farm 250g:

Kawa ziarnista jakości speciality pochodząca z Burundi, wypalona w szwedzkiej palarni Johan & Nystrom. Palona w jasnym stopniu, sprawdzi się zarówno do ekspresu ciśnieniowego oraz kawiarki, jak i do ekspresu przelewowego, dripa, Chemexa, AeroPressa, French Pressa i innych alternatywnych metod parzenia. W jej smaku wyczuwalne są nuty brzoskwini, czarnej porzeczki oraz zielonej herbaty.
    Kraj pochodzenia: Burundi
Region: Kayanza
Farma: Gitwe
Odmiana: Bourbon
Obróbka: Washed
  - Barista Space - Łyżka cuppingowa złota:

Łyżka do cuppingu wykonana ze stali nierdzewnej, w kolorze złotym. Używana w kawiarniach, palarniach oraz przez kawowe organizacje na całym świecie - niezbędna do rozwijania umiejętności sensorycznych każdego baristy.

Najważniejsze cechy:
- wykonana ze stali nierdzewnej,
- długość: 15 cm, szerokość miseczki: 4,3 cm,
- do łyżki jest dołączony woreczek ochronny,
- należy myć ręcznie.",None,None,0.0,inf
1740,https://www.coffeedesk.pl/product/17333/Five-Elephant-Colombia-El-Meson,68.0,250 g,Washed,Drip (Metody alternatywne),light,beans,"Kawa ziarnista jakości speciality pochodząca z Kolumbii, wypalona przez berlińską palarnię Five Elephant. Palona jasno, idealna do ekspresu przelewowego, dripa, Chemexa, AeroPressa, French Pressa, oraz innych alternatywnych metod parzenia. W smaku wyczuwalne są nuty poziomki, zielonej herbaty oraz kremu cytrynowego.",100% Arabica,Kolumbia,250.0,272.0
1741,https://www.coffeedesk.pl/product/436/Kimbo-Espresso-Classico-Ziarnista-1Kg,59.9,1 kg,,espresso,dark,beans,"Wyśmienita mieszanka ziaren arabiki i robusty, idealna do przygotowywania aromatycznego cappuccino i innych kaw mlecznych.",70/30,None,1000.0,59.9
1742,https://www.coffeedesk.pl/product/155/La-Brasiliana-Oro-Rosso-Extra,72.0,1 kg,,espresso,dark,beans,Półsłodka mieszanka Arabiki (60%) i Robusty (40%) przeznaczona do espresso. ,60/40,None,1000.0,72.0
1743,https://www.coffeedesk.pl/product/31/Passalacqua-Alambra,17.0,250 g,,espresso,dark,ground,"Passalaqua Alambra to ciemno palona  mieszanka ze zdecydowaną przewagą ziaren Robusty (70%).
 ",30/70,None,250.0,68.0
1744,https://www.coffeedesk.pl/product/34/Passalacqua-Cremador,29.0,250 g,,espresso,dark,ground,,70/30,None,250.0,116.0
1745,https://www.coffeedesk.pl/product/1/Passalacqua-Cremador,95.0,1 kg,,espresso,dark,beans,"Cremador to  jedna z mieszanek ciemno palonych, wysokiej jakości ziaren Arabiki (70%) i Robusty (30%).",70/30,None,1000.0,95.0
1746,https://www.coffeedesk.pl/product/32/Passalacqua-Harem,32.0,250 g,,espresso,dark,ground,"Passalacqua Harem jest jedną z najcenniejszych kaw z całego świata. Reprezentuje palarnię, jako najlepsza mieszanka dziesięciu różnych ziaren Arabiki, m.in. ziaren Jamiaca Blue Mountain.",100% Arabica,None,250.0,128.0
1747,https://www.coffeedesk.pl/product/60/Passalacqua-Mekico-Plus,109.0,1 kg,,espresso,dark,beans,"W  Neapolu i w południowej części Włoch, klienci barów i restauracji często  proszą,  nie tylko o dobrą i aromatyczną kawę, ale także o  kremową konsystencję. Dlatego Mekico Plus to kawa o gęstej i trwałej cremie,  o niepowtarzalnym i eleganckim smaku, który na długo pozostawia przyjemne odczucia.",100% Arabica,None,1000.0,109.0
1748,https://www.coffeedesk.pl/product/17/Pellini-Aroma-Oro,79.9,1 kg,,espresso,medium,beans,Mieszanka składa się z wysokiej jakości ziaren Arabiki (90%) i Robusty (10%). ,90/10,None,1000.0,79.9
1749,https://www.coffeedesk.pl/product/112/Johan-And-Nystrom-Espresso-5-Estate-Organic-500G,79.0,500 g,,espresso,medium,beans,"Nowoczesne, średnio palone szwedzkie espresso - pełne słodyczy owoców tropikalnych, będące oczkiem w głowie palarni Johan & Nystrom od 2006 roku.

To wynik łączenia całej wiedzy jaką palarnia posiadła w sztuce tworzenia espresso. Mieszanka wywodzi się z 3 różnych gospodarstw z różnych części świata.",100% Arabica,"Peru, Etiopia",500.0,158.0
1750,https://www.coffeedesk.pl/product/116/Johan-And-Nystrom-Espresso-Isola,74.0,500 g,,espresso,medium,beans,"Jeden z naszych najlepszych produktów w zakresie espresso i ulubiony trunek wielu naszych klientów. Harmonijne połączenie, które kojarzy się z wyraźnym smakiem czekolady.  Znajdziesz tu również przyjemny akcent z karmelizowanych owoców i lekką nutkę gorzkich migdałów w posmaku.",85/15,None,500.0,148.0
1751,https://www.coffeedesk.pl/product/4386/Johan-And-Nystrom-Urban-Juice,74.89,500 g,,"drip, espresso",dark,beans,"Idealna na przerwę w pracy i na spotkanie z przyjaciółmi, w sytuacjach formalnych i dużo mniej zobowiązujących. Mimo dość ciemnego palenia, w tych ziarnach odczujesz intensywny, niebanalny smak. Dominuje intensywna słodycz, kakao, orzechy włoskie, delikatna gorycz. ",100% Arabica,None,500.0,149.78
1752,https://www.coffeedesk.pl/product/5620/Le-Piantagioni-Del-Caffe-Brazil-Lagoa-Do-Morro-250G,29.9,250 g,Washed,espresso,dark,beans,"Lagoa do Morro to ziarna z Brazylii, wypalane przez cenioną włoską palarnię Le Piantagioni del Caffè.

W tej 100% arabice odnajdziesz intensywny aromat i słodkie nuty mlecznej czekolady. Posmak jest długi, zbliżony do suszonych owoców, migdałów i kwiatów. Niezwykle delikatna i gładka w postaci espresso, doskonała także we wszelkich mlecznych kombinacjach. Sprawdzi się zarówno z ekspresu ciśnieniowego, jak i z kawiarki.",100% Arabica,Brazylia,250.0,119.6
1753,https://www.coffeedesk.pl/product/17657/Przelew-Miesiaca-Johan-And-Nystrom-Ethiopia-Banko-Michicha,42.0,250 g,Washed,Drip (Metody alternatywne),light,beans,"Wchodzimy w maj z nowym przelewem miesiąca! Kawa ziarnista jakości speciality pochodząca z Etiopii, wypalona przez szwedzką palarnię Johan & Nyström. Palona jasno, idealna do ekspresu przelewowego, dripa, Chemexa, AeroPressa, French Pressa, oraz innych alternatywnych metod parzenia. W profilu sensorycznym jest bardzo czysta, słodka i soczysta. Można w niej wyczuć mnóstwo owocowości, w której na pierwszy plan wychodzą nuty czerwonych jagód i brzoskwini, wraz z kwasowością limonki.",100% Arabica,Etiopia,250.0,168.0
1754,https://www.coffeedesk.pl/product/15772/Simplo-X-Coffeedesk-Gwatemala-El-Llano-Fuel-Espresso,55.0,250 g,Washed,espresso,medium,beans,"FUEL to kawa, która jest wynikiem współpracy warszawskiej palarni SIMPLo i Coffeedesk. Dostępna w dwóch wersjach, pod metody przelewowe oraz pod espresso - zatem możecie się nią cieszyć niezależnie od ulubionej metody parzenia kawy. To ziarno jakości speciality z Gwatemali, z farmy La Llano.

W tym przypadku mamy do czynienia z kawą paloną w średnim stopniu, idealną do espresso - sprawdzi się w ekspresach ciśnieniowych i kawiarkach. Możesz w niej wyczuć brzoskwiniową słodycz, zbalansowaną kwasowością jagód i grejpfruta.",100% Arabica,Gwatemala,250.0,220.0
1755,https://www.coffeedesk.pl/product/15789/Simplo-X-Coffeedesk-Gwatemala-El-Llano-Fuel-Filter,55.0,250 g,Washed,Drip (Metody alternatywne),light,beans,"FUEL to kawa, która jest wynikiem współpracy warszawskiej palarni SIMPLo i Coffeedesk. Dostępna w dwóch wersjach, pod metody przelewowe oraz pod espresso - zatem możecie się nią cieszyć niezależnie od ulubionej metody parzenia kawy. To ziarno jakości speciality z Gwatemali, z farmy La Llano.

W tym przypadku mamy do czynienia z kawą paloną jasno, idealną do ekspresu przelewowego, dripa, Chemexa, AeroPressa, French Pressa, oraz innych alternatywnych metod parzenia. Możesz w niej wyczuć brzoskwiniową słodycz, zbalansowaną kwasowością jagód i grejpfruta.",100% Arabica,Gwatemala,250.0,220.0
1756,https://www.coffeedesk.pl/product/5545/Zestaw-Dripper-Hario-V60-01--Kawa,51.99,,,,,,Zestawy składający się z króla alternatywnych zaparzaczy - drippera Hario i ziarna z Brazylii wypalanego przez duńską palarnię Johan & Nystrom. Świetny sposób na przygotowanie czarnej kawy - dla początkujących i tych bardziej wprawionych!,None,None,0.0,inf
1757,https://www.coffeedesk.pl/product/17760/Arcaffe-Kuz-Kawa-Bezkofeinowa-Outlet,48.76,500 g,,espresso,medium,beans,,100% Arabica,None,500.0,97.52
1758,https://www.coffeedesk.pl/product/4757/Audun-Coffee-Brazylia-Fazenda-Rainha-Miaki,33.0,250 g,Natural,Drip (Metody alternatywne),light,beans,"Kawa ziarnista jakości speciality pochodząca z Brazylii, wypalona przez Mistrza Świata Roasterów 2015, Auduna Sorbottena. Kawa jest palona jasno, sprawdzi się do ekspresów przelewowych, pod dripa, Chemexa, AeroPressa, French Pressa oraz innych alternatywnych metod parzenia. Charakteryzuje się intensywną czekoladową słodyczą oraz niską kwasowością.",100% Arabica,Brazylia,250.0,132.0
1759,https://www.coffeedesk.pl/product/17788/Audun-Coffee-Peru-Cajamarca-Salva-Andina-Washed-Esp-250G--Kawa-Ziarnista-Outlet,37.5,250 g,Washed,espresso,medium,beans,"Ziarno z Peru, wypalone przez Mistrza Świata Roasterów 2015 - Auduna Sorbottena. Kawa palona w średnim stopniu, świetnie sprawdzi się do ekspresu ciśnieniowego i kawiarki.",100% Arabica,Peru,250.0,150.0
1760,https://www.coffeedesk.pl/product/1246/Delanero-Espresso-60-40,39.9,500 g,,espresso,medium,beans,"DelaNero Espresso to seria najwyższej jakości kaw przeznaczonych do espresso.

DelaNero Espresso 60/40 to mieszanka 60% Arabiki pochodzącej z Brazylii, Nikaragui oraz Salwadoru. Dzięki 40% Robusty z Ugandy kawa charakteryzuje się delikatnie cierpkim smakiem z nutą orzechów. W celu osiągnięcia jak najlepszego efektu, ziarna są palone powoli i pakowane natychmiast po zakończeniu procesu.",60/40,None,500.0,79.8
1761,https://www.coffeedesk.pl/product/1247/Delanero-Espresso-80-20,49.9,500 g,,espresso,medium,beans,"DelaNero Espresso to seria najwyższej jakości kaw przeznaczonych do espresso.

DelaNero Espresso 80/20 to mieszanka 80% Arabiki pochodzącej z Brazylii, Nikaragui oraz Salwadoru. Dzięki 20% Robusty z Ugandy kawa charakteryzuje się balansem pomiędzy słodkim, gorzkim i kwaskowatym smakiem. W celu osiągnięcia jak najlepszego efektu, ziarna są palone powoli i pakowane natychmiast po zakończeniu procesu.",80/20,None,500.0,99.8
1762,https://www.coffeedesk.pl/product/17338/Hayb-X-Coffeedesk-Kolumbia-El-Obraje-Barrel-Aged,64.0,250 g,"Washed, Barrel Aged",Drip (Metody alternatywne),light,beans,"Przedstawiamy wynik kolejnej współpracy Coffeedesk i warszawskiej palarni HAYB! Kawa ziarnista jakości speciality pochodząca z Kolumbii, palona jasno, idealna do ekspresu przelewowego, dripa, Chemexa, AeroPressa, French Pressa oraz innych alternatywnych metod parzenia. 

Jej wyjątkowość polega przede wszystkim na zastosowanej metodzie obróbki, leżakowania w beczce. Kawa została wsypana do beczek od Maltgarden, w których pierwotnie leżakował bourbon Heaven Hill, a następnie ich imperialny stout z serii Gate. Leżakowanie dało zamierzony efekt - beczka oddała ziarnom posmak szlachetnego, deserowego alkoholu, czekoladowych pralin, charakterystyczny dla dębiny waniliowo-taninowy finisz, przywodzący na myśl skórki czerwonych owoców.
 ",100% Arabica,Kolumbia,250.0,256.0
1763,https://www.coffeedesk.pl/product/111/Johan-And-Nystrom-Caravan,74.0,500 g,,"drip, espresso",medium,beans,"Stworzyliśmy mieszankę ziaren, pochodzących z jednych, z najlepszych na świecie krajów, produkujących kawę. Aby stworzyć klasyczną kawę o ciemnym paleniu, połączyliśmy miękkość z Mogiana z Brazylii, konsystencję z Lintung z Sumatry i świeżość z Etiopii i Kolumbii.  Karavan to mieszanka stworzona z myślą o miłośnikach ciemnego palenia. Mocna, o silnym aromacie i długo pozostającym smaku.",100% Arabica,None,500.0,148.0
1764,https://www.coffeedesk.pl/product/1243/Johan-And-Nystrom-El-Salvador-Menendez,42.0,250 g,Washed,Drip (Metody alternatywne),medium,beans,"Johan & Nyström El Salvador Menendez to kawa zaskakująca słodkim smakiem o nutach mlecznej czekolady, toffi i pomarańczy. Kawa poddawana procesowi płukania przy użyciu mniej tradycyjnych metod. Jej odmiana to Red Bourbon.",100% Arabica,Salwador,250.0,168.0
1765,https://www.coffeedesk.pl/product/10524/Johan-And-Nystrom-Sumatra-Gayo-Mountain-Fairtrade-500G,79.0,500 g,Natural,Drip (Metody alternatywne),medium,beans,"Sumatra Gayo Mountain pochodzi z prowincji Ache, położonej w północnej części Sumatry. To kawa o ciemnym stopniu palenia, intensywnym aromacie przypraw i świeżych fig. Jej bogaty, dobrze wyważony smak zadowoli najbardziej wymagające podniebienie.",100% Arabica,Sumatra,500.0,158.0
1766,https://www.coffeedesk.pl/product/930/Kofi-Brand-Sweet-Espresso-E,149.0,1 kg,Natural,espresso,medium,beans,"Mieszanka ziaren arabiki (100%) z Etiopii i Brazylii, wypalanych przez polską palarnię Kofi Brand. Wypalana pod espresso, o syropowatym body. Kawa etiopska nadaje świeżego aromatu truskawek i smaku czarnych jagód, natomiast brazylijskie ziarna dodają słodyczy karmelu i marcepanu.",100% Arabica,"Etiopia, Brazylia",1000.0,149.0
1767,https://www.coffeedesk.pl/product/28/Pellini-Top-100Procent-Arabica,19.9,250 g,,espresso,medium,ground,"Mieszanka składa się z najwyższej jakości ziaren Arabiki. Powolny proces palenia zapewnia zrównoważony, pełny smak i aromat. ",100% Arabica,None,250.0,79.6
1768,https://www.coffeedesk.pl/product/15652/Simplo-Gwatemala-Co-Changers,42.0,250 g,Washed,Drip (Metody alternatywne),light,beans,,100% Arabica,Gwatemala,250.0,168.0
1769,https://www.coffeedesk.pl/product/17555/Audun-Coffee-Kenya-Kirinyaga-Kamwangi-Aa-Washed-Fil-250G--Kawa-Ziarnista-Outlet,48.75,250 g,Washed,Drip (Metody alternatywne),light,beans,"Kawa ziarnista jakości speciality z Kenii, wypalona przez Mistrza Świata Roasterów 2015, Auduna Sorbottena. Palona jasno, idealna do ekspresu przelewowego, dripa, Chemexa, AeroPressa, French Pressa, oraz innych alternatywnych metod parzenia. ",100% Arabica,Kenia,250.0,195.0
1770,https://www.coffeedesk.pl/product/7232/Cloud-Picker-Henry-Blend-Espresso,47.0,250 g,,espresso,medium,beans,"Mieszanka kaw ziarnistych jakości speciality pochodzących z Brazylii, Gwatemali i Etiopii, wypalona przez irlandzką palarnię Cloud Picker Coffee Roasters. Palona w średnim stopniu, sprawdzi się w ekspresach ciśnieniowych i kawiarkach. Gładka, kremowa, o nutach moreli, orzechów pekan i daktyli.",100% Arabica,None,250.0,188.0
1771,https://www.coffeedesk.pl/product/9626/Cloud-Picker-Rwanda-Nyamasheke,50.0,250 g,Washed,Drip (Metody alternatywne),light,beans,"Kawa ziarnista jakości speciality pochodząca z Rwandy, wypalona przez irlandzką palarnię Cloud Picker Coffee Roasters. Palona jasno, idealna do ekspresu przelewowego, dripa, Chemexa, AeroPressa, French Pressa, oraz innych alternatywnych metod parzenia. Charakterystyczna w smaku. Odnajdziesz w niej nuty moreli, słodycz karmelu i aromat lawendy.",100% Arabica,Rwanda,250.0,200.0
1772,https://www.coffeedesk.pl/product/7231/Cloud-Picker-Sam-Blend-Espresso,47.0,250 g,,espresso,medium,beans,"Mieszanka kaw ziarnistych jakości speciality pochodzących z Brazylii, Gwatemali i Kostaryki, wypalona przez irlandzką palarnię Cloud Picker Coffee Roasters. Palona w średnim stopniu, sprawdzi się w ekspresach ciśnieniowych i kawiarkach. Słodka, gęsta, o pełnym body - w jej smaku można wyczuć nuty gorzkiej czekolady, migdałów i orzechów laskowych",100% Arabica,"Brazylia, Gwatemala, Kostaryka",250.0,188.0
1773,https://www.coffeedesk.pl/product/2351/Diemme-Caffe-Miscela-Blu-Super-250G,31.5,250 g,,espresso,dark,beans,,100% Arabica,None,250.0,126.0
1774,https://www.coffeedesk.pl/product/2350/Diemme-Caffe-Miscela-Oro-250G,32.0,250 g,,espresso,dark,beans,"Delikatna, z klasą, kremowa - te słowa idealnie opisują tę mieszankę arabiki z różnych regionów świata. Świetnie zbalansowana słodycz i kwasowość, intensywny aromat oraz przyjemny, długi posmak migdałów i czekolady. Diemme Miscela Oro to idealna propozycja do każdego ekspresu. ",100% Arabica,None,250.0,128.0
1775,https://www.coffeedesk.pl/product/17692/Etno-Cafe-Abyssinian-Highland-250G-Outlet,20.01,250 g,,espresso,medium,beans,"Mieszanka dwóch rodzajów ziaren pochodzących z Etiopii i Kolumbii. Palona w średnim stopniu, przeznaczona do espresso - doskonale sprawdzi się w ekspresach ciśnieniowych i kawiarkach. Etiopskie ziarna zapewniają cielistość naparu i dominujący owocowo-czekoladowy aromat, a kolumbijskie nadają nutę cynamonowej pikanterii i słodycz karmelu.",100% Arabica,"Etiopia, Kolumbia",250.0,80.04
1776,https://www.coffeedesk.pl/product/17690/Etno-Cafe-Brazil-Yellow-Bourbon-1Kg-Outlet,98.1,1 kg,Pulped natural,espresso,medium,beans,"Ziarna z Brazylii, wypalane przez wrocławską palarnię Etno. Palone w średnim stopniu, sprawdzą się w espresso i ekspresach przelewowych. ",100% Arabica,Brazylia,1000.0,98.1
1777,https://www.coffeedesk.pl/product/17523/Etno-Cafe-Brazil-Yellow-Bourbon-250G-Outlet,24.0,250 g,Pulped natural,espresso,medium,beans,"Ziarna z Brazylii, wypalane przez wrocławską palarnię Etno. Palone w średnim stopniu, sprawdzą się w espresso i ekspresach przelewowych.",100% Arabica,Brazylia,250.0,96.0
1778,https://www.coffeedesk.pl/product/17513/Etno-Cafe-Colombia-Medellin-1Kg-Outlet,71.26,1 kg,Washed,espresso,medium,beans,"Kawa ziarnista z Kolumbii, wypolana przez wrocławską palarnię Etno. Palona w średnim stopniu, sprawdzi się w espresso i ekspresach przelewowych. Kawa o dominującej słodyczy - wyczujesz w niej naturalne nuty przypominające cytrusy i czekoladę deserową. Wyczuwalna wysoka kwasowość.",100% Arabica,Kolumbia,1000.0,71.26
1779,https://www.coffeedesk.pl/product/17691/Etno-Cafe-Etiopia-Djimmah-1Kg-Outlet,62.3,1 kg,Natural,espresso,medium,beans,"Ziarna pochodzące z Etiopii, z leśnych terenów o wysokim stopniu zacienienia. Kawa wypalana w średnim stopniu, idealna do ekspresów kolbowych, automatycznych oraz kawiarek. W smaku wyczuwalne przede wszystkim nuty przypominające fermentowany kompot oraz czkoladowo-żywiczne.",100% Arabica,Etiopia,1000.0,62.3
1780,https://www.coffeedesk.pl/product/17693/Etno-Cafe-Etiopia-Djimmah-250G-Outlet,21.26,250 g,Natural,espresso,medium,beans,"Ziarna pochodzące z Etiopii, z leśnych terenów o wysokim stopniu zacienienia. Kawa wypalana w średnim stopniu, idealna do ekspresów kolbowych, automatycznych oraz kawiarek. W smaku wyczuwalne przede wszystkim nuty przypominające fermentowany kompot oraz czkoladowo-żywiczne.",100% Arabica,Etiopia,250.0,85.04
1781,https://www.coffeedesk.pl/product/17524/Etno-Cafe-Etiopia-Yirgacheffe-250G-Outlet,24.51,250 g,Washed,espresso,medium,beans,"Kawa pochodzące z Etiopii, rosnąca wysoko i trudna w uprawie. Wyczujesz w niej intensywne nuty czarnych porzeczek i migdałów. Ziarna wypalane w średnim stopniu, idealne do ekspresów kolbowych, automatycznych oraz kawiarek.",100% Arabica,Etiopia,250.0,98.04
1782,https://www.coffeedesk.pl/product/17689/Etno-Cafe-Fusion-1Kg-Outlet,84.0,1 kg,Natural,espresso,medium,beans,"Mieszanka kaw z  Afryki i Ameryki Południowej. Owocowość etiopskich ziaren łączy się ze słodyczą brazylijskiego Santosa. Dominują nuty migdałów i czarnej porzeczki. Ziarna wypalane są w średnim stopniu, idealne do ekspresów kolbowych, automatycznych oraz kawiarek.",100% Arabica,"Etiopia, Brazylia",1000.0,84.0
1783,https://www.coffeedesk.pl/product/17520/Etno-Cafe-Fusion-250G-Outlet,26.26,250 g,Natural,espresso,medium,beans,"Mieszanka kaw z  Afryki i Ameryki Południowej. Owocowość etiopskich ziaren łączy się ze słodyczą brazylijskiego Santosa. Dominują nuty migdałów i czarnej porzeczki. Ziarna wypalane są w średnim stopniu, idealne do ekspresów kolbowych, automatycznych oraz kawiarek.",100% Arabica,"Etiopia, Brazylia",250.0,105.04
1784,https://www.coffeedesk.pl/product/17748/Etno-Cafe-Intercontinental-1Kg--Ziarno-Outlet,76.0,1 kg,Natural,espresso,medium,beans,"Mieszanka kaw z  Afryki i Ameryki Południowej. Owocowość etiopskich ziaren łączy się ze słodyczą brazylijskiego Santosa i ziaren z Kolumbii. Dominują nuty orzechowe i czekoladowe. Ziarna wypalane są w średnim stopniu, idealne do ekspresów kolbowych, automatycznych oraz kawiarek.",100% Arabica,"Etiopia, Brazylia, Kolumbia",1000.0,76.0
1785,https://www.coffeedesk.pl/product/16955/Figa-Coffee-Rwanda-Gatare-Lot-658,59.0,250 g,Natural,Drip (Metody alternatywne),light,beans,"Kawa ziarnista jakości speciality pochodząca z Rwandy, wypalona we wrocławskiej palarni Figa Coffee. Palona jasno, idealna do ekspresu przelewowego, dripa, Chemexa, AeroPressa, French Pressa, oraz innych alternatywnych metod parzenia. W smaku kompleksowa, o wysokim body, z owocowością truskawek i słodyczą migdałów.",100% Arabica,Rwanda,250.0,236.0
1786,https://www.coffeedesk.pl/product/11341/Freshdrip-Blue-Ethiopia-Decaf-1-Saszetka,6.0,10g,,Drip (Metody alternatywne),light,ground,"Czym jest Freshdrip?
Freshdrip to zmielona kawa wysokiej jakości w saszetce. Każda saszetka zawiera filtr z 10 gramami jasno wypalonej, odpowiednio zmielonej kawy. Pozwala to przygotować pojedynczą porcję 200 ml naparu - wystarczy gorąca woda i kubek. Pyszna kawa w każdych warunkach, w podróży i w domu - szybko, łatwo i bez specjalnego sprzętu.
 ",100% Arabica,Etiopia,10.0,600.0
1787,https://www.coffeedesk.pl/product/11340/Freshdrip-Blue-Ethiopia-Decaf-7-Saszetek,36.0,7 x 10g,,Drip (Metody alternatywne),light,ground,"Czym jest Freshdrip?
Freshdrip to zmielona kawa wysokiej jakości w saszetce. Każda saszetka zawiera filtr z 10 gramami jasno wypalonej, odpowiednio zmielonej kawy. Pozwala to przygotować pojedynczą porcję 200 ml naparu - wystarczy gorąca woda i kubek. Pyszna kawa w każdych warunkach, w podróży i w domu - szybko, łatwo i bez specjalnego sprzętu.
 ",100% Arabica,Etiopia,70.0,514.2857142857142
1788,https://www.coffeedesk.pl/product/11339/Freshdrip-Red-Ethiopia-Medium-Strength-1-Saszetka,6.0,10g,,Drip (Metody alternatywne),light,ground,"Czym jest Freshdrip?
Freshdrip to zmielona kawa wysokiej jakości w saszetce. Każda saszetka zawiera filtr z 10 gramami jasno wypalonej, odpowiednio zmielonej kawy. Pozwala to przygotować pojedynczą porcję 200 ml naparu - wystarczy gorąca woda i kubek. Pyszna kawa w każdych warunkach, w podróży i w domu - szybko, łatwo i bez specjalnego sprzętu.
 ",100% Arabica,Etiopia,10.0,600.0
1789,https://www.coffeedesk.pl/product/11338/Freshdrip-Red-Ethiopia-Medium-Strength-7-Saszetek,36.0,7 x 10g,,Drip (Metody alternatywne),light,ground,"Czym jest Freshdrip?
Freshdrip to zmielona kawa wysokiej jakości w saszetce. Każda saszetka zawiera filtr z 10 gramami jasno wypalonej, odpowiednio zmielonej kawy. Pozwala to przygotować pojedynczą porcję 200 ml naparu - wystarczy gorąca woda i kubek. Pyszna kawa w każdych warunkach, w podróży i w domu - szybko, łatwo i bez specjalnego sprzętu.
 ",100% Arabica,Etiopia,70.0,514.2857142857142
1790,https://www.coffeedesk.pl/product/11337/Freshdrip-Yellow-Colombia-Full-Strength-1-Saszetka,6.0,10g,,Drip (Metody alternatywne),light,ground,"Czym jest Freshdrip?
Freshdrip to zmielona kawa wysokiej jakości w saszetce. Każda saszetka zawiera filtr z 10 gramami jasno wypalonej, odpowiednio zmielonej kawy. Pozwala to przygotować pojedynczą porcję 200 ml naparu - wystarczy gorąca woda i kubek. Pyszna kawa w każdych warunkach, w podróży i w domu - szybko, łatwo i bez specjalnego sprzętu.

Smak i pochodzenie
W tym opakowaniu znajdziesz kawę z Kolumbii, o wyraźnym smaku oraz pełnym body.",100% Arabica,Kolumbia,10.0,600.0
1791,https://www.coffeedesk.pl/product/11336/Freshdrip-Yellow-Colombia-Full-Strength-7-Saszetek,36.0,7 x 10g,,Drip (Metody alternatywne),light,ground,"Czym jest Freshdrip?
Freshdrip to zmielona kawa wysokiej jakości w saszetce. Każda saszetka zawiera filtr z 10 gramami jasno wypalonej, odpowiednio zmielonej kawy. Pozwala to przygotować pojedynczą porcję 200 ml naparu - wystarczy gorąca woda i kubek. Pyszna kawa w każdych warunkach, w podróży i w domu - szybko, łatwo i bez specjalnego sprzętu.
 ",100% Arabica,Kolumbia,70.0,514.2857142857142
1792,https://www.coffeedesk.pl/product/16707/Freshdrip-Yellow-Colombia-Full-Strength-Box-Of-7-7-Saszetek-Outlet,28.8,7 x 10g,,Drip (Metody alternatywne),light,ground,"Czym jest Freshdrip?
Freshdrip to zmielona kawa wysokiej jakości w saszetce. Każda saszetka zawiera filtr z 10 gramami jasno wypalonej, odpowiednio zmielonej kawy. Pozwala to przygotować pojedynczą porcję 200 ml naparu - wystarczy gorąca woda i kubek. Pyszna kawa w każdych warunkach, w podróży i w domu - szybko, łatwo i bez specjalnego sprzętu.
 ",100% Arabica,Kolumbia,70.0,411.42857142857144
1793,https://www.coffeedesk.pl/product/17451/Hard-Beans-Polska-Parzucha-Kawa-Ziarnista-1Kg,89.0,1 kg,,"drip, espresso",medium,beans,"Kawa ziarnista, klasyk gatunku, powrót do narodowych korzeni - wyrafinowana kawa dedykowana zagorzałym entuzjastom konwencjonalnych smaków.

Starannie wyselekcjonowana mieszanka arabik pochodzących z Ameryki Środkowej i Południowej zadowoli nawet najbardziej wymagające podniebienia. Palona w średnim stopniu, sprawdzi się jako klasyczna parzucha, uda się ją zaparzyć w dripie, wszelkich akcesoriach przelewowych, french pressie, a także da radę w kawiarce.

Połączenie niebanalnej słodyczy czekolady i orzechów włoskich oraz nadzwyczajnej cielistości, dopełnione subtelnym muśnięciem kwasowości to cechy, które wyróżniają ją na tle kawowej przeciętności. Znakomity wybór dla kawowych tradycjonalistów.",100% Arabica,None,1000.0,89.0
1794,https://www.coffeedesk.pl/product/9233/Hard-Beans-X-Coffeedesk-Brazylia-Colibri-Santos-Espresso-1Kg,99.0,1 kg,Natural,espresso,medium,beans,"Kawa ziarnista jakości speciality z Brazylii, wypalona w opolskiej palarni Hard Beans, jako projekt przygotowany we współpracy z Coffeedesk.

Kawa palona w średnim stopniu, przeznaczona do espresso - doskonale sprawdzi się w ekspresach ciśnieniowych i kawiarkach. W kawie dominuje słodycz, szczególnie zbliżona do orzechów i nugatu.
 ",100% Arabica,Brazylia,1000.0,99.0
1795,https://www.coffeedesk.pl/product/9232/Hard-Beans-X-Coffeedesk-Brazylia-Colibri-Santos-Espresso-250G,29.0,250 g,Natural,espresso,medium,beans,"Kawa ziarnista jakości speciality z Brazylii, wypalona w opolskiej palarni Hard Beans, jako projekt przygotowany we współpracy z Coffeedesk.

Kawa palona w średnim stopniu, przeznaczona do espresso - doskonale sprawdzi się w ekspresach ciśnieniowych i kawiarkach. W kawie dominuje słodycz, szczególnie zbliżona do orzechów i nugatu.
 ",100% Arabica,Brazylia,250.0,116.0
2395,https://www.coffeedesk.pl/product/17562/Hayb-Blue-Republic-1Kg-Outlet,83.3,1 kg,,espresso,medium,beans,"Espresso nie musi być zawsze takie samo. Wystarczy do dobrze znanych i lubianych ziaren z Brazylii dodać kilka innych składników, w tym przypadku ziarna z Gwatemali i Etiopii i otrzymujemy podkręconą klasykę - pełną słodyczy mlecznej czekolady i marcepanu wraz z kwasowością borówki.",100% Arabica,"Brazylia, Gwatemala, Etiopia",1000.0,83.3
2396,https://www.coffeedesk.pl/product/17561/Hayb-Brazylia-Fazenda-Barinas-Natural-Esp-1Kg--Kawa-Ziarnista-Outlet,103.2,1 kg,Natural,espresso,medium,beans,"Kawa ziarnista z Brazylii wypalona w palarni HAYB. Palona w średnim stopniu, świetnie sprawdzi się do ekspresu ciśnieniowego i kawiarki. W jej smaku można wyczuć wielowarstwową słodycz przypominającą mleczną czekoladę, nugat oraz kandyzowane owoce.",100% Arabica,Brazylia,1000.0,103.2
2397,https://www.coffeedesk.pl/product/17233/Heresy-Brazylia-Samambaia-Henrique-Cambraia-252G,66.0,252 g,Natural,Drip (Metody alternatywne),light,beans,,100% Arabica,Brazylia,252.0,261.9047619047619
2398,https://www.coffeedesk.pl/product/17031/Johan-And-Nystrom-Burundi-Bukeye-Farmer-Selection,65.0,250 g,Washed,Drip (Metody alternatywne),light,beans,"Kawa ziarnista jakości speciality pochodząca z Burundi, wypalona w szwedzkiej palarni Johan & Nyström. Palona w jasnym stopniu, sprawdzi się zarówno do ekspresu ciśnieniowego oraz kawiarki, jak i do ekspresu przelewowego, dripa, Chemexa, AeroPressa, French Pressa i innych alternatywnych metod parzenia. Soczysta, o wysokiej owocowości. W jej smaku wyczuwalna jest słodycz papai oraz przyjemna kwasowość maliny i białego grejpfruta.",100% Arabica,Burundi,250.0,260.0
2399,https://www.coffeedesk.pl/product/15676/Johan-And-Nystrom-Guatemala-Santa-Isabel,62.0,250 g,Washed,Drip (Metody alternatywne),light,beans,"Kawa ziarnista jakości speciality pochodząca z Gwatemali, wypalona przez szwedzką palarnię Johan & Nyström. Palona jasno, idealna do ekspresu przelewowego, dripa, Chemexa, AeroPressa, French Pressa, oraz innych alternatywnych metod parzenia. W filiżance pojawia się łagodna kwasowość zielonych jablek i czerwonych porzeczek, zbalansowana słodyczą karmelu.",100% Arabica,Gwatemala,250.0,248.0
2400,https://www.coffeedesk.pl/product/16079/Johan-And-Nystrom-Nicaragua-Un-Regalo-De-Dios,66.0,250 g,Honey,Drip (Metody alternatywne),light,beans,"Kawa ziarnista jakości speciality pochodząca z Nikaragui, wypalona przez szwedzką palarnię Johan & Nyström. Palona jasno, idealna do ekspresu przelewowego, dripa, Chemexa, AeroPressa, French Pressa, oraz innych alternatywnych metod parzenia. W filiżance można spodziewać się nut moreli, cukierków oraz czerwonego agrestu.",100% Arabica,Nikaragua,250.0,264.0
2401,https://www.coffeedesk.pl/product/1714/Johan-And-Nystrom-Verde,69.0,500 g,,espresso,dark,beans,"Verde to pełna smaku i kremowa kawa idealna jako espresso. Pełne body i zbalansowany smak czynią ją świetnym wyborem także do kaw mlecznych. Blend składa się z 84% arabiki i 16% robusty.

Ziarna pochodzą jedynie z farm, które osiągnęły certyfikaty organiczności. Verde to połączenie tradycji i nowoczesności. Z pewnością przypadnie do gustu miłośnikom klasycznego espresso, jednak jest wypalana nieco jaśniej niż włoskie kawy.",84/16,None,500.0,138.0
2402,https://www.coffeedesk.pl/product/17705/Johan-And-Nystrom-Drip-Kit-Ethiopia-Guji-Box-Of-8-Outlet,57.6,8 x 11g,Natural,Drip (Metody alternatywne),light,ground,"Drip Kit to zmielona kawa jakości speciality w saszetce, wypalona w szwedzkiej palarni Johan & Nyström. Każda saszetka zawiera papierowy filtr z 11 gramami jasno wypalonej, odpowiednio zmielonej kawy. Pozwala to przygotować pojedynczą porcję 185 ml naparu - wystarczy gorąca woda i kubek. Pyszna kawa w każdych warunkach, w podróży i w domu - szybko, łatwo i bez specjalnego sprzętu. Opakowanie zawiera 8 saszetek.

Etiopia Guji to jeden z największych klasyków palarni J&N. Kawa jest soczysta, mocno owocowa, pojawiają się nuty truskawki, delikatna słodycz kakao i aromat wanilii.",100% Arabica,Etiopia,88.0,654.5454545454545
2403,https://www.coffeedesk.pl/product/2391/Kimbo-Antica-Tradizione-Mielona-Puszka-250G,22.0,250 g,,espresso,dark,ground,Eksportowa mieszanka z włoskiej palarni Kimbo. Bogaty smak w neapolitańskim stylu!,95/5,None,250.0,88.0
2404,https://www.coffeedesk.pl/product/2390/Kimbo-Antica-Tradizione-Mielona-250G,19.0,250 g,,espresso,dark,ground,Eksportowa mieszanka z włoskiej palarni Kimbo. Bogaty smak w neapolitańskim stylu!,95/5,None,250.0,76.0
2405,https://www.coffeedesk.pl/product/2388/Kimbo-Aroma-Di-Napoli-Mielona-250G,22.0,250 g,,espresso,dark,ground,Doskonała mieszanka arabiki i robusty z włoskiej palarni Kimbo. Kawa niczym w Neapolu może teraz zagościć w Twoim domu. Spory dodatek robusty zapewnia dużo mocy!,70/30,None,250.0,88.0
2406,https://www.coffeedesk.pl/product/2386/Kimbo-Espresso-Napoletano-Mielona-Puszka-250G,18.9,250 g,,espresso,dark,ground,To jedna z najbardziej popularnych kaw marki Kimbo - doskonała mieszanka ziaren arabiki i robusty (80/20). Charakteryzuje się intensywnym smakiem oraz bogatym aromatem kaw z Neapolu.,80/20,None,250.0,75.6
2407,https://www.coffeedesk.pl/product/12432/Lavazza-Aroma-Top-Expert-Plus-Rfa-Kawa-Ziarnista-1Kg,75.0,1 kg,,espresso,medium,beans,"Lavazza Aroma Top EXPERT PLUS RFA to kawa ziarnista o ciemnym profilu palenia. Mieszanka składa się w 100% z wyselekcjonowanych ziaren Arabiki pochodzących z Brazylii, z certyfikowanych plantacji Rainforest Alliance. W filiżance można wyczuć intensywną słodycz suszonych owoców, zbóż i delikatną kwasowość.",100% Arabica,Brazylia,1000.0,75.0
2408,https://www.coffeedesk.pl/product/12345/Lavazza-Caffe-Espresso-Italiano-Classico-Kawa-Ziarnista-250G,17.9,250 g,,espresso,medium,beans,"Lavazza Caffe Espresso to kawa ziarnista o ciemnym profilu palenia. Mieszanka składa się 100% z wyselekcjonowanych ziaren Arabiki z palantacji Ameryki Środkowej. Kawa o intensywnym smaku, o wyczuwalnej słodyczy czekolady, wraz z delikatnymi nutami kwiatowymi i owocowymi.

Ze względu na stopień palenia, kawa jest polecana szczególnie do espresso - sprawdzi się do ekspresów ciśnieniowych i kawiarek.",100% Arabica,None,250.0,71.6
2409,https://www.coffeedesk.pl/product/12436/Lavazza-Crema-Classica-Expert-Kawa-Ziarnista-1Kg,55.0,1 kg,,espresso,dark,beans,,40/60,None,1000.0,55.0
2410,https://www.coffeedesk.pl/product/12435/Lavazza-Crema-E-Aroma-Expert-Kawa-Ziarnista-1Kg,55.0,1 kg,,espresso,medium,beans,,30/70,None,1000.0,55.0
2411,https://www.coffeedesk.pl/product/12433/Lavazza-Crema-Ricca-Expert-Plus-Utz-Kawa-Ziarnista-1Kg,75.0,1 kg,,espresso,medium,beans,,None,None,1000.0,75.0
2412,https://www.coffeedesk.pl/product/11745/Lavazza-Gold-Selection-1Kg,64.9,1 kg,,espresso,dark,beans,"Włoska mieszanka aromatycznych i bogatych w smaku odmian Arabiki (70%) i Robusty (30%). Ziarno jest palone w ciemnym stopniu, doskonale sprawdzi się do ekspresów ciśnieniowych i kawiarek - jako kawa czarna lub z dodatkiem mleka. Gęsta, intensywnie aromatyczna, o przyjemnym, migdałowo-miodowym smaku. ",70/30,None,1000.0,64.9
2413,https://www.coffeedesk.pl/product/12438/Lavazza-Gusto-Forte-Expert-Kawa-Ziarnista-1Kg,49.0,1 kg,,espresso,dark,,Lavazza Gusto Forte Expert to kawa ziarnista o ciemnym profilu palenia. Mieszanka składa się w 100% z Robusty z Azji i Afryki. W filiżance pojawia się intensywna słodycz zbliżona do kakao. Robusta charakteryzuje się wysoką zawartością kofeiny oraz doskonałym smakiem w połączeniu z mlekiem.,100% Robusta,None,1000.0,49.0
2414,https://www.coffeedesk.pl/product/12437/Lavazza-Gusto-Pieno-Expert-Kawa-Ziarnista-1Kg,49.0,1 kg,,espresso,dark,beans,,None,None,1000.0,49.0
2415,https://www.coffeedesk.pl/product/9244/Le-Piantagioni-Del-Caffe-Brazil-Cachoeira-Da-Grama-250G,29.9,250 g,Washed,espresso,dark,beans,"Ta jednorodna arabika, wypalona przez włoską palarnię Le Piantagioni del Caffe, pochodzi z plantacji Cachoeira da Gama w Brazylii. Odmiany botaniczne Yellow Bourbon i Red Catuai zostały poddane dość nietypowej jak na tego typu kawy obróbce mytej, co daje nadzieję na ciekawą filiżankę!",100% Arabica,Brazylia,250.0,119.6
2416,https://www.coffeedesk.pl/product/16739/Le-Piantagioni-Del-Caffe-Disruptive-Kenya-Maana-Estate,75.0,250 g,Washed,Drip (Metody alternatywne),light,beans,"Kawa ziarnista jakości speciality pochodząca z Kenii, wypalona we włoskiej palarni Le Piantagioni del Caffè. Jasno palona, idealna do ekspresu przelewowego, dripa, Chemexa, AeroPressa, French Pressa, oraz innych alternatywnych metod parzenia. W smaku jest wyczuwalna słodycz karmelu i mango, wraz z cytrusową kwasowością oraz posmakiem moreli i brzoskwini.",100% Arabica,Kenia,250.0,300.0
2417,https://www.coffeedesk.pl/product/16736/Le-Piantagioni-Del-Caffe-Disruptive-Nicaragua-Buenos-Aires,75.0,250 g,Natural,Drip (Metody alternatywne),light,beans,"Organiczna kawa ziarnista jakości speciality pochodząca z Nikaragui, wypalona we włoskiej palarni Le Piantagioni del Caffè. Jasno palona, idealna do ekspresu przelewowego, dripa, Chemexa, AeroPressa, French Pressa, oraz innych alternatywnych metod parzenia. W smaku wyczuwalne są nuty tamaryndowca, słodycz mlecznej czekolady, wraz z delikatną kwasowością oraz łagodnym aromatem fiołków.",100% Arabica,Nikaragua,250.0,300.0
2418,https://www.coffeedesk.pl/product/9245/Le-Piantagioni-Del-Caffe-Ethiopia-Dambi-Uddo-250G,49.0,250 g,Natural,espresso,dark,beans,"To 100% arabika dająca gęste i gładkie espresso pełne naturalnych nut truskawek, jagód i malin, z posmakiem przypominającym czerwone jabłko. Najlepiej smakuje bez dodatków, jednak sprawdzi się także z dodatkiem mleka, jako mniej klasyczne cappuccino.",100% Arabica,Etiopia,250.0,196.0
2419,https://www.coffeedesk.pl/product/5618/Le-Piantagioni-Del-Caffe-Iridamo-250G,29.9,250 g,,espresso,dark,beans,"Iridamo to mieszanka ziaren z Gwatemali i Etiopii, wypalanych przez cenioną włoską palarnię Le Piantagioni del Caffè. Ta 100% arabika charakteryzuje się słodkim, delikatnym smakiem, przyjemną kwasowością i cytrusowym aromatem.",100% Arabica,"Etiopia, Gwatemala",250.0,119.6
2420,https://www.coffeedesk.pl/product/5617/Le-Piantagioni-Del-Caffe-San-Luis-And-Raigode-250G,29.9,250 g,,espresso,dark,beans,"Mieszanka ziaren z Salwadoru (Arabika - 75%) i Indii (Robusta - 25%), wypalanych przez cenioną włoską palarnię Le Piantagioni del Caffè. Kawa o intensywnym aromacie oraz nutach kakao, przypraw i drzewa sandałowego. Dzięki dodatkowi robusty, espresso przygotowane z tych ziaren ma gęstszą, bardziej trwałą cremę.",75/25,"Salwador, Indie",250.0,119.6
2421,https://www.coffeedesk.pl/product/604/Lucaffe-Classic,89.9,1 kg,,espresso,dark,beans,"Klasyczna włoska kawa Lucaffe, polecana osobom, które kochają espresso o słodkim i łagodnym smaku. To mieszanka doskonałych ziaren Arabiki 80%, z niewielkim dodatkiem najwyższej jakości ziaren Robusty 20%.",80/20,None,1000.0,89.9
2422,https://www.coffeedesk.pl/product/601/Lucaffe-Mamma-Lucia,69.9,1 kg,,espresso,dark,beans,"To mieszanka wysokiej jakości ziaren z Ameryki Poudniowej oraz Azji - 40% z nich to brazylijska arabika, a 60% to starannie wyselekcjonowana robusta z Indii.",40/60,None,1000.0,69.9
2423,https://www.coffeedesk.pl/product/603/Lucaffe-Mister-Exclusive,104.99,1 kg,,espresso,dark,beans,"Mieszanka wyselekcjonowanych ziaren 100% Arabiki, pochodzących z Ameryki Południowej, Azji i Afryki Środkowej.",100% Arabica,None,1000.0,104.99
2424,https://www.coffeedesk.pl/product/16388/Lucaffe-Mister-Exclusive-Kawa-Ziarnista-Puszka-250G-Outlet,30.39,250 g,,espresso,dark,beans,"Mieszanka wyselekcjonowanych ziaren 100% Arabiki, pochodzących z  Ameryki Południowej, Azji i Afryki Środkowej.",100% Arabica,None,250.0,121.56
2425,https://www.coffeedesk.pl/product/447/New-York-Xxxx,109.0,1 kg,,espresso,medium,beans,"JKawa New York XXXX to doskonała kompozycja najlepszych ziaren arabiki pochodzących z Kostaryki, Kolumbii i Kenii.",80/20,None,1000.0,109.0
2426,https://www.coffeedesk.pl/product/3266/Pellini-Espresso-Gusto-Bar-Cremoso-N-20,17.9,250 g,,espresso,dark,ground,"Pellini Espresso Superiore Cremoso no 20 to kawa o włoskim charakterze - gęsta, o bogatym aromacie i harmonijnym smaku. Idealna do kawiarki lub ekspresu.",90/10,None,250.0,71.6
2427,https://www.coffeedesk.pl/product/5810/Populus-Coffee-Honduras-Dolmin-Moreno-Omniroast,59.0,250 g,Washed,"drip, espresso",medium,beans,"Kawa ziarnista jakości speciality pochodząca z Hondurasu, wypalana w berlińskiej palarni Populus Coffee. Palona w średnim stopniu, idealna do ekspresu przelewowego, dripa, Chemexa, AeroPressa, oraz innych alternatywych metod parzenia, jak i pod espresso. W smaku wyczuwalne są nuty marcepanu, czerwonych jabłek i winogron.",100% Arabica,Honduras,250.0,236.0
2428,https://www.coffeedesk.pl/product/17699/Rocket-Bean-Honduras-Organic-Marcala-Omniroast-200G--Ziarno-Outlet,28.8,200 g,Washed,"drip, espresso",medium,beans,,100% Arabica,Honduras,200.0,144.00000000000003
2429,https://www.coffeedesk.pl/product/17340/Royal-Beans-Audun-Coffee-Panama-Geisha-Anthem-Natural-125G,72.0,125 g,Natural,Drip (Metody alternatywne),light,beans,"Kawa ziarnista jakości speciality pochodząca z Panamy, wypalona w polskiej palarni Audun Coffee.  Jasno palona, idealna do ekspresu przelewowego, dripa, Chemexa, AeroPressa oraz innych alternatywych metod parzenia. 

Gesha to jedna z najbardziej cenionych typów arabiki, wyznacznik jakości kaw speciality. Bije ona cenowe rekordy na aukcjach i to właśnie po te ziarna najczęściej sięgają uczestnicy Mistrzostw Świata w parzeniu kawy.",100% Arabica,Panama,125.0,576.0
2430,https://www.coffeedesk.pl/product/15621/Royal-Beans-Nomad-Coffee-Ethiopia-Ayla,109.0,250 g,Natural,Drip (Metody alternatywne),light,beans,"Kawa ziarnista jakości speciality pochodząca z Etiopii, wypalona przez hiszpańską palarnię Nomad Coffee. Palona jasno, idealna do ekspresu przelewowego, dripa, Chemexa, AeroPressa, French Pressa oraz innych alternatywnych metod parzenia. W smaku kawy pojawiają się nuty przypominające wiśnie, mango, ananasy, owoc tamaryndowca oraz cukier trzcinowy.

Wyjątkową cechą tej kawy jest jej odmiana. Mamy tu do czynienia z odmianą Kurume, podczas gdy zwykle etiopskie kawy speciality występują jako mieszanka lokalnych odmian Arabiki.",100% Arabica,Etiopia,250.0,436.0
2431,https://www.coffeedesk.pl/product/16127/Royal-Beans-Tu-Cafe-Etiopia-Eshetu-Mergiy-Tekele-Gorgis-Coe-100G,72.0,100 g,Natural,Drip (Metody alternatywne),light,beans,"Kawa ziarnista jakości speciality pochodząca z Etiopii, wypalona w polskiej palarni Tu Café. Palona w jasnym stopniu, sprawdzi się zarówno do ekspresu ciśnieniowego oraz kawiarki, jak i do ekspresu przelewowego, dripa, Chemexa, AeroPressa, French Pressa i innych alternatywnych metod parzenia. W smaku pojawiają się nuty powideł pomarańczowych, granatu, fig, oraz miodu, z kwiatowym aromatem.",100% Arabica,Etiopia,100.0,720.0
2432,https://www.coffeedesk.pl/product/13354/Sloane-Brazil-Cerrado-Serra-Negra-Semi-Carbonic,58.0,250 g,Semi-Carbonic Maceration,Drip (Metody alternatywne),light,beans,"Kawa, która sprawdzi się pod wszelkie przelewowe metody parzenia - od dripa, przez Chemex, AeroPress, French Press, inne alternatywne metody parzenia oraz ekspresy przelewowe. W smaku możesz spodziewać się wielu warstw: gładkiej kwasowości malin, słodyczy gruszek i miodu, wraz z delikatnym aromatem cynamonu.",100% Arabica,Brazylia,250.0,232.0
2433,https://www.coffeedesk.pl/product/4360/Solberg-And-Hansen-Brasil-Fazenda-Barreiro-Bourbon,47.0,250 g,Natural,Drip (Metody alternatywne),light,beans,"Kawa ziarnista jakości speciality z Brazylii, wypalana w norweskiej palarni Solberg & Hansen. Palona jasno, idealna do ekspresu przelewowego, dripa, Chemexa, AeroPressa, French Pressa, oraz innych alternatywnych metod parzenia. Wyczuwalna czysta słodycz - pojawiają się nuty orzechów laskowych, czekolady i suszonych owoców.",100% Arabica,Brazylia,250.0,188.0
2434,https://www.coffeedesk.pl/product/2295/Solberg-And-Hansen-Ethiopia-Tade-Farm,58.0,250 g,Washed,Drip (Metody alternatywne),light,beans,"Organiczna kawa ziarnista jakości speciality z Etiopii, wypalona w norweskiej palarni Solberg & Hansen. Palona jasno, idealna do ekspresu przelewowego, dripa, Chemexa, AeroPressa, French Pressa, oraz innych alternatywnych metod parzenia. W aromacie delikatne, świeże nuty kwiatowe - wyczuwalny przede wszystkim jaśmin i melisa lekarska. W smaku jest lekko cytrusowa, z łagodnym posmakiem miodu.",100% Arabica,Etiopia,250.0,232.0
2435,https://www.coffeedesk.pl/product/2421/Solberg-And-Hansen-Half-And-Half-Espresso-1Kg,169.0,1 kg,,espresso,dark,beans,"Kawa z norweskiej palarni Solberg&Hansen, przeznaczona do espresso. Delikatne espresso o nutach czekolady, karmelu i dojrzałych owoców.",100% Arabica,None,1000.0,169.0
2436,https://www.coffeedesk.pl/product/2561/Solberg-And-Hansen-India-Monsooned-Malabar-Aa,46.0,250 g,Monsooning,Drip (Metody alternatywne),medium,beans,"Kawa ziarnista jakości speciality z Indii, wypalana w norweskiej palarni Solberg & Hansen. Palona w średnio-jasnym stopniu, idealna do ekspresu przelewowego, dripa, Chemexa, AeroPressa, oraz innych alternatywych metod parzenia. W filiżance odnajdziesz nuty czekolady, orzechów i wanilii oraz delikatny aromat słodkiego tytoniu, soli morskiej i skóry.",100% Arabica,Indie,250.0,184.0
2437,https://www.coffeedesk.pl/product/4978/Solberg-And-Hansen-Peru-La-Coipa,54.0,250 g,Washed,Drip (Metody alternatywne),light,beans,"Organiczna kawa ziarnista jakości speciality pochodząca z Peru, wypalana przez norweską palarnię Solberg & Hansen. Palona jasno, idealna do ekspresu przelewowego, dripa, Chemexa, AeroPressa, French Pressa, oraz innych alternatywnych metod parzenia.

W aromacie nuta karmelu miesza się z wanilią. W smaku poza słodyczą pojawiają się lekkie nuty zbliżone do truskawek i malin.",100% Arabica,Peru,250.0,216.0
2438,https://www.coffeedesk.pl/product/6375/Solberg-And-Hansen-Rwanda-Tumba,53.0,250 g,Washed,Drip (Metody alternatywne),light,beans,"Kawa ziarnista jakości speciality pochodząca z Rwandy, wypalona w norweskiej palarni Solberg & Hansen. Palona jasno, idealna do ekspresu przelewowego, dripa, Chemexa, AeroPressa, French Pressa, oraz innych alternatywnych metod parzenia. Możesz się spodziewać słodyczy suszonych owoców, nut rodzynek i kardamonu.",100% Arabica,Rwanda,250.0,212.0
2439,https://www.coffeedesk.pl/product/17804/Solberg-And-Hansen-Half-And-Half-Espresso-1Kg--Kawa-Ziarnista-Outlet,118.3,1 kg,,espresso,dark,beans,"Kawa z norweskiej palarni Solberg&Hansen, przeznaczona do espresso. Delikatne espresso o nutach czekolady, karmelu i dojrzałych owoców.",100% Arabica,None,1000.0,118.3
2440,https://www.coffeedesk.pl/product/5328/Story-Coffee-Roasters-Blend-No2-Brazil-X-Honduras-250G,26.0,250 g,,espresso,medium,beans,"Mieszanka kaw ziarnistych jakości speciality pochodzących z Brazylii i Hondurasu, wypalana w warszawskiej palarni Story Coffee Roasters. Ziarno palone w średnim stopniu, przeznaczone do ekspresów automatycznych, espresso i kawiarek. Kawa o wielowarstwowej słodyczy orzechów, karmelu i czekolady - świetna zarówno w pojedynkę, jak i z dodatkiem mleka.",100% Arabica,"Brazylia, Honduras",250.0,104.0
2441,https://www.coffeedesk.pl/product/5327/Story-Coffee-Roasters-Brazil-Mogiana-Espresso-250G,26.0,250 g,Natural,espresso,medium,beans,"Kawa ziarnista jakości speciality pochodząca z Brazylii, wypalona w warszawskiej palarni Story Coffee Roasters. Palona w średnim stopniu, doskonale sprawdzi się w ekspresach ciśnieniowych i kawiarkach. W filiżance odnajdziesz pełne, gładkie body o nutach orzechów i karmelu oraz łagodnej owocowości. ",100% Arabica,Brazylia,250.0,104.0
2442,https://www.coffeedesk.pl/product/17091/The-Coffee-Collective-Brazil-Daterra-Zestaw-Anaerobic-Natural-2X200G,115.0,2 x 200g,,Drip (Metody alternatywne),light,beans,,100% Arabica,Brazylia,400.0,287.5
2443,https://www.coffeedesk.pl/product/5482/The-Coffee-Collective-Kenya-Kieni,75.0,250 g,Washed,Drip (Metody alternatywne),light,beans,"Kawa ziarnista jakości speciality pochodząca z Kenii, wypalana przez duńską palarnię The Coffee Collective. Palona jasno, idealna do ekspresu przelewowego, dripa, Chemexa, AeroPressa, French Pressa oraz innych alternatywnych metod parzenia.

W filiżance można się spodziewać lekkiego, świeżego naparu o soczystej kwasowości, z nutami jeżyn, jagód i wanilii.",100% Arabica,Kenia,250.0,300.0
2444,https://www.coffeedesk.pl/product/5704/Tim-Wendelboe-Honduras-Nacimiento-Pacas-Filter,66.0,250 g,Washed,Drip (Metody alternatywne),light,beans,"Kawa ziarnista jakości speciality pochodząca z Hondurasu, wypalona w norweskiej palarni założonej przez Tima Wendelboe, Mistrza Świata Baristów 2004, Mistrza Świata Cup Tasters 2005 oraz wielokrotnego Mistrza Norwegii w wypalaniu kawy. Palona jasno, idealna do ekspresu przelewowego, dripa, Chemexa, AeroPressa, French Pressa oraz innych alternatywnych metod parzenia. W filiżance można wyczuć nuty świeżych ziół, jabłek i czekolady.",100% Arabica,Honduras,250.0,264.0
2445,https://www.coffeedesk.pl/product/9036/Tim-Wendelboe-Kenya-Karinga-Filter,69.0,250 g,Washed,Drip (Metody alternatywne),light,beans,"Kawa ziarnista jakości speciality pochodzące z Kenii, wypalane w norweskiej palarni założonej przez Tima Wendelboe, Mistrza Świata Baristów 2004, Mistrza Świata Cup Tasters 2005 oraz wielokrotnego Mistrza Norwegii w wypalaniu kawy.

Palona jasno, idealna do ekspresu przelewowego, dripa, Chemexa, AeroPressa, French Pressa, oraz innych alternatywnych metod parzenia. Charakteryzuje się intensywnie owocowym smakiem, i soczystym body. W filiżance możesz się spodziewać przyjemnej kwasowości jeżyny, lekkich nut owoców dzikiej róży oraz kwiatowego aromatu.",100% Arabica,Kenia,250.0,276.0
2446,https://www.coffeedesk.pl/product/5184/Tim-Wendelboe-Kenya-Karogoto-Filter,79.0,250 g,Washed,Drip (Metody alternatywne),light,beans,"Kawa ziarnista jakości speciality pochodząca z Kenii, wypalona w norweskiej palarni założonej przez Tima Wendelboe, Mistrza Świata Baristów 2004, Mistrza Świata Cup Tasters 2005 oraz wielokrotnego Mistrza Norwegii w wypalaniu kawy. Palona jasno, idealna do ekspresu przelewowego, dripa, Chemexa, AeroPressa, French Pressa, oraz innych alternatywnych metod parzenia. Charakteryzuje się intensywnie owocowym smakiem, przyjemną kwasowością i kwiatowym aromatem. Można w niej wyczuć naturalne nuty czarnej porzeczki, hibiskusa i owoców dzikiej róży.",100% Arabica,Kenia,250.0,316.0
2447,https://www.coffeedesk.pl/product/17346/Tu-Cafe-Peru-Roberto-Peralez-Perez,51.0,250 g,Washed,Drip (Metody alternatywne),light,beans,"Kawa ziarnista jakości speciality pochodząca z Peru, wypalona w palarni Tu Cafe. Palona jasno, idealna do ekspresu przelewowego, dripa, Chemexa, AeroPressa, French Pressa, oraz innych alternatywnych metod parzenia. W profilu sensorycznym jest bardzo czysta, słodka i soczysta. Można w niej wyczuć brzoskwinie, mandarynki, pomarańcze, delikatny aftertaste białej czekolady, jedwabiste body, kompleksową kwasowość.",100% Arabica,Peru,250.0,204.0
2448,https://www.coffeedesk.pl/product/870/Zestaw-6-X-1Kg-Lavazza--Qualita-Oro,359.4,1 kg,,espresso,dark,beans,Lavazza Qualita Oro to kawa o naturalnym i  intensywnym aromacie. Idealna na dobry początek dnia. Zestaw zawiera 6 opakowań po 1 kg.,100% Arabica,None,1000.0,359.4
2449,https://www.coffeedesk.pl/product/874/Zestaw-6-X-1Kg-Lavazza-Super-Crema,371.46,1 kg,,espresso,dark,beans,"Lavazza Super Crema to filiżanka kawy o łagodnym, aksamitnym i lekko kwaskowatym posmaku i czekoladowym aromacie. Szczególną cechą tej kawy jest długo utrzymująca się na powierzchni pianka, od której pochodzi jej nazwa „crema”.

Zestaw zawiera 6 opakowań po 1kg.",60/40,None,1000.0,371.46
2450,https://www.coffeedesk.pl/product/11974/Zestaw-Kawiarka-Bialetti--Spieniacz-Do-Mleka-Bialetti--Kawa,434.0,,,,,,"  - Kawiarka Bialetti Moka Express 3tz:
• Konstrukcja:

Odlewana z aluminium kawiarka zachwyca jakością wykonania. Klasyczny, niezmieniony przez dziesięciolecia kształt będzie oryginalnym elementem każdej kuchni. Rączka i dodatkowy uchwyt z tworzywa sztucznego w kolorze czarnym zapewniają wygodę przenoszenia i serwowania gotowego trunku. Produkcja ma miejsce we Włoszech.

• Użytkowanie:

Bialetti Moka Express może być używana na palnikach gazowych oraz elektrycznych. Produkt należy ustawiać tak, aby rączka znajdowała się poza zasięgiem źródła ciepła.

Kawiarkę należy myć ręcznie, bez użycia detergentów. Nie nadaje się do mycia w zmywarce.

Wybierając rozmiar kawiarki należy pamiętać, że przy każdym zaparzaniu należy przygotować ilość kawy określoną przez producenta.
  - Spieniacz do mleka Bialetti Milk Frother MKF02 Bianco:
Bialetti Milk Frother to prosty i praktyczny sposób na przygotowanie pysznej, kremowej pianki. Idealne cappuccino w domu? - Żaden problem.

Elektryczny spieniacz Bialetti pozwala na jednorazowe podgrzanie do 300 ml mleka. Spienianie mleka na zimno także nie stanowi problemu. Od teraz mleczne kawy niczym z kawiarni zagoszczą w Twojej kuchni!

Dodatkowo, urządzenie jest solidne i zaprojektowane z myślą o nowoczesnych wnętrzach. Połączenie stali nierdzewnej i wytrzymałych tworzyw sztucznych nie tylko cieszy oko, lecz także czyni spieniacz łatwym w czyszczeniu.
  - Kawa mielona Bialetti Milano Moka 250g:
Bialetti Milano Moka to włoska kawa mielona o ciemnym profilu palenia. To 100% Arabika o łagodnych nutach suszonych owoców, z kwiatowym aromatem i delikatną teksturą.

Ze względu na grubość mielenia, kawa jest polecana szczególnie do kawiarki. Odpowiedni stopień mielenia pozwala łatwiej zaparzyć kawę w poprawny sposób. Woda przepływa przez zmieloną kawę w odpowiednim tempie, co przekłada się na poprawną ekstrakcję i napar o oczekiwanym smaku.",None,None,0.0,inf
2451,https://www.coffeedesk.pl/product/11940/Zestaw-Le-Piantagioni-Del-Caffe-Brazil-Cachoeira-Da-Grama-1Kg-5--1-Gratis,625.0,,,,,,,None,None,0.0,inf
2452,https://www.coffeedesk.pl/product/11976/Zestaw-Mlynek-Hario--Kawa-Johan-And-Nystrom,227.88,,,,,,"- Hario Mill Mini Slim PRO Black - Młynek do kawy: 
Młynek ręczny Mini Mill w wersji PRO, najwyższej z serii. Młynek jest kompaktowy, wytrzymały i ma szeroki zakres mielenia, dzięki czemu zmielisz nim kawę pod różne metody parzenia. Sprawdzi się do użytku domowego i w podróży.
- Kawa ziarnista Johan & Nyström - Sumatra Gayo Mountain Fairtrade 500g: 
Sumatra Gayo Mountain pochodzi z prowincji Ache, położonej w północnej części Sumatry. To kawa o ciemnym stopniu palenia, intensywnym aromacie przypraw i świeżych fig. Jej bogaty, dobrze wyważony smak zadowoli najbardziej wymagające podniebienie.

Kawa pochodzi od spółdzielni Koptan Gayo Megah Bersiri, która posiada obecnie 545 członków. Swoją działalność rozpoczęła w styczniu 2012 roku, a już w listopadzie tego samego roku otrzymała pełny status producenta ekologicznych kaw oraz certyfikat  Fair Trade.

Pochodzenie: Indonezja (Sumatra)
Region: Aceh
Producent: Permata Gayo Cooperative
Wysokość: 1300 m n.p.m.
Odmiana: Caturra, Ateng, Jember Typica
Proces: Natural  ",None,None,0.0,inf
2453,https://www.coffeedesk.pl/product/17435/3Fe-Ethiopia-Bale-Mountain,60.0,250 g,Washed,"drip, espresso",medium,beans,"Kawa ziarnista jakości speciality pochodząca z Etiopii, wypalona w irlandzkiej palarni 3fe (Third Floor Espresso). Palona w średnim stopniu, przeznaczona zarówno do przelewowych metod parzenia, jak i do espresso. W smaku wyczuwalne są nuty limonki, earl greya oraz jaśminu.",100% Arabica,Etiopia,250.0,240.0
2454,https://www.coffeedesk.pl/product/17436/3Fe-Kenya-Ichamama-Ab,63.0,250 g,Washed,Drip (Metody alternatywne),light,beans,"Kawa ziarnista jakości speciality pochodząca z Kenii, wypalona w irlandzkiej palarni 3fe (Third Floor Espresso). Palona w średnim stopniu, przeznaczona zarówno do przelewowych metod parzenia, jak i do espresso. W smaku wyczuwalne są kwaśne nuty malin, wiśni oraz słodycz brązowego cukru.",100% Arabica,Kenia,250.0,252.0
2455,https://www.coffeedesk.pl/product/17388/Audun-Coffee-Colombia-El-Vergel-Geisha,63.0,250 g,Natural,Drip (Metody alternatywne),light,beans,"Kawa ziarnista jakości speciality pochodząca z Kolumbii, wypalona przez Mistrza Świata Roasterów 2015 - Auduna Sorbottena. Palona jasno, idealna do ekspresu przelewowego, dripa, Chemexa, AeroPressa, French Pressa, oraz innych alternatywnych metod parzenia.",100% Arabica,Kolumbia,250.0,252.0
2456,https://www.coffeedesk.pl/product/11511/Audun-Coffee-Drip-No-1-Rwanda-Rushashi-1-Kg,135.0,1 kg,Washed,Drip (Metody alternatywne),light,beans,"Mieszanka kaw ziarnistych jakości speciality wypalona przez Mistrza Świata Roasterów 2015, Auduna Sorbottena. W opakowaniu znajdziesz minimum 75% ziaren z Rwandy i około 25% arabiki różnego pochodzenia.

Kawa jest palona jasno, polecana szczególnie do kawiarni  jako ziarno do gastronomicznych ekspresów przelewowych. Sprawdzi się również do dripa, Chemexa, AeroPressa, French Pressa oraz innych alternatywnych metod parzenia.",100% Arabica,"Rwanda, inne",1000.0,135.0
2457,https://www.coffeedesk.pl/product/17339/Audun-Coffee-Kenya-Mitaboni-Aa,58.0,250 g,Washed,Drip (Metody alternatywne),light,beans,"Kawa ziarnista jakości speciality pochodząca z Kenii, wypalona przez Mistrza Świata Roasterów 2015 - Auduna Sorbottena. Palona jasno, idealna do ekspresu przelewowego, dripa, Chemexa, AeroPressa, French Pressa, oraz innych alternatywnych metod parzenia.",100% Arabica,Kenia,250.0,232.0
2458,https://www.coffeedesk.pl/product/12651/Audun-Coffee-Rwanda-Karongi-Gitesi,54.0,250 g,Washed,Drip (Metody alternatywne),light,beans,"Kawa ziarnista jakości speciality pochodząca z Rwandy, wypalona przez Mistrza Świata Roasterów 2015, Auduna Sorbottena. Palona jasno, idealna do ekspresu przelewowego, dripa, Chemexa, AeroPressa, French Pressa oraz innych alternatywnych metod parzenia.",100% Arabica,Rwanda,250.0,216.0
2459,https://www.coffeedesk.pl/product/17525/Audun-Coffee-Colombia-El-Paraiso-Gigante-Washed-Fil-250G--Kawa-Ziarnista-Outlet,43.4,250 g,Washed,Drip (Metody alternatywne),light,beans,"Kawa ziarnista jakości speciality pochodząca z Kolumbii, wypalona przez Mistrza Świata Roasterów 2015 - Auduna Sorbottena. Palona jasno, idealna do ekspresu przelewowego, dripa, Chemexa, AeroPressa, French Pressa, oraz innych alternatywnych metod parzenia.",100% Arabica,Kolumbia,250.0,173.6
2460,https://www.coffeedesk.pl/product/17526/Audun-Coffee-Colombia-Finca-La-Aldea-Washed-Fil-250G--Kawa-Ziarnista-Outlet,43.4,250 g,Washed,Drip (Metody alternatywne),light,beans,"Kawa ziarnista jakości speciality pochodząca z Kolumbii, wypalona przez Mistrza Świata Roasterów 2015 - Auduna Sorbottena. Palona jasno, idealna do ekspresu przelewowego, dripa, Chemexa, AeroPressa, French Pressa, oraz innych alternatywnych metod parzenia.",100% Arabica,Kolumbia,250.0,173.6
2461,https://www.coffeedesk.pl/product/17567/Audun-Coffee-India-Karnataka-Ratnagiri-Anaerobic-Fermentation-Fil-250G--Kawa-Ziarnista-Outlet,44.8,250 g,Red Honey,Drip (Metody alternatywne),light,beans,"Kawa ziarnista jakości speciality pochodząca z Indii, wypalona przez Mistrza Świata Roasterów 2015 - Auduna Sorbottena. Palona jasno, idealna do ekspresu przelewowego, dripa, Chemexa, AeroPressa, French Pressa, oraz innych alternatywnych metod parzenia.",100% Arabica,Indie,250.0,179.2
2462,https://www.coffeedesk.pl/product/17553/Audun-Coffee-Rwanda-Kanoga-Village-Rusizi-Washed-Fil-250G--Kawa-Ziarnista-Outlet,39.2,250 g,Washed,Drip (Metody alternatywne),light,beans,"Kawa ziarnista jakości speciality pochodząca z Rwandy, wypalona przez Mistrza Świata Roasterów 2015 - Auduna Sorbottena. Palona jasno, idealna do ekspresu przelewowego, dripa, Chemexa, AeroPressa, French Pressa, oraz innych alternatywnych metod parzenia.",100% Arabica,Rwanda,250.0,156.8
2463,https://www.coffeedesk.pl/product/16137/Autumn-Coffee-Gwatemala-Chepito,55.0,250 g,Washed,Drip (Metody alternatywne),light,beans,"Kawa ziarnista jakości speciality z Gwatemali, wypalona przez polską palarnię Autumn Coffee Roasters. Palona w jasnym stopniu, idealna do ekspresu przelewowego, dripa, Chemexa, AeroPressa, French Pressa oraz innych alternatywnych metod parzenia. W filiżance można wyczuć nuty jaśminu, chabrów, cukru muscovado, klementynki oraz granatu.",100% Arabica,Gwatemala,250.0,220.0
2464,https://www.coffeedesk.pl/product/17240/Autumn-Coffee-Nikaragua-Los-Pinos,54.0,250 g,Natural,Drip (Metody alternatywne),light,beans,"Kawa ziarnista jakości speciality z Nikaragui, wypalona przez polską palarnię Autumn Coffee Roasters. Palona w jasnym stopniu, idealna do ekspresu przelewowego, dripa, Chemexa, AeroPressa, French Pressa oraz innych alternatywnych metod parzenia. W filiżance można wyczuć nuty soczystej brzoskwini i pomarańczy, wraz ze słodyczą migdałów i miodu.",100% Arabica,Nikaragua,250.0,216.0
2465,https://www.coffeedesk.pl/product/16145/Autumn-Coffee-Panama-Finca-Hartmann-Gesha-Cascara,50.0,200 g,Natural,,,beans,"Cascara, czyli tłumacząc z hiszpańskiego ""skórka"" lub ""łupina"". Zaparzanie cascary czyli właśnie łupinek, które pozostają po wydobyciu ziaren z owoców kawowca stało się popularne w ostatnich latach i znalazło wielu amatorów. W porównaniu do kawy, cascara zawiera niewiele kofeiny. Napar w smaku przypomina herbatę, jest wytrawny i owocowy. Można w nim odnaleźć nuty miodu, daktyli, malin, moreli, pomarańczy, czerwonych jabłek oraz śliwek.",None,Panama,200.0,250.0
2466,https://www.coffeedesk.pl/product/16138/Autumn-Coffee-Rwanda-Horizon-311,60.0,250 g,Washed,Drip (Metody alternatywne),light,beans,"Kawa ziarnista jakości speciality z Rwandy, wypalona przez polską palarnię Autumn Coffee Roasters. Palona w jasnym stopniu, idealna do ekspresu przelewowego, dripa, Chemexa, AeroPressa, French Pressa oraz innych alternatywnych metod parzenia. W filiżance można wyczuć nutę czerwonej porzeczki, gruszki, marmolady pomarańczowej oraz kakao.",100% Arabica,Rwanda,250.0,240.0
2467,https://www.coffeedesk.pl/product/17242/Autumn-Coffee-Uganda-Vanoma-Espresso,37.0,250 g,Experimental,espresso,medium,beans,"Kawa ziarnista jakości speciality z Ugandy, wypalona przez Autumn Coffee Roasters. Palona w średnim stopniu, idealna do ekspresów ciśnieniowych oraz kawiarek. W filiżance można oczekiwać nut jagód, czereśni i mlecznej czekolady, z łagodnym aromatem wanilii. Doskonała jako kawa czarna, jednak sprawdzi się również w połączeniu z mlekiem.",100% Arabica,Uganda,250.0,148.0
2468,https://www.coffeedesk.pl/product/17757/Autumn-Coffee-Gwatemala-Acatenango-Chepito-Washed-Fil-250G--Kawa-Ziarnista-Outlet,41.25,250 g,Washed,Drip (Metody alternatywne),light,beans,"Kawa ziarnista jakości speciality z Gwatemali, wypalona przez polską palarnię Autumn Coffee Roasters. Palona w jasnym stopniu, idealna do ekspresu przelewowego, dripa, Chemexa, AeroPressa, French Pressa oraz innych alternatywnych metod parzenia. W filiżance można wyczuć nuty jaśminu, chabrów, cukru muscovado, klementynki oraz granatu.",100% Arabica,Gwatemala,250.0,165.0
2469,https://www.coffeedesk.pl/product/17750/Autumn-Coffee-Kolumbia-El-Eden-14H-Fermentation-Fil-125G--Kawa-Ziarnista-Outlet,32.0,125 g,Washed,Drip (Metody alternatywne),light,beans,"Co kryje się za nazwą Royal Beans? Jeśli ziarno Speciality to kawowe wyżyny, nasze Royal Beans sięgają Himalajów! W tej serii przedstawiamy Wam sam wierzchołek kawowej piramidy, top topów, istne crème de la crème, cenne niczym klejnoty koronne. Anaerobic, Gesha, Nanolot, Lychee - co to znaczy nie po kawowemu? - Royal Beans to asortyment kaw wybranych przez nas z różnych palarni - łączy je wyjątkowy smak, limitowana produkcja, unikalne metody obróbki i najwyższa jakość. Gratka dla kawowych koneserów (również tych aspirujących)!

Kawa ziarnista jakości speciality z Kolumbii, wypalona przez polską palarnię Autumn Coffee Roasters. Palona w jasnym stopniu, idealna do ekspresu przelewowego, dripa, Chemexa, AeroPressa, French Pressa oraz innych alternatywnych metod parzenia. W jej smaku można wyczuć nuty kwiatów bzu, fiołka, jagód, moreli i lemoniady.",100% Arabica,Kolumbia,125.0,256.0
2470,https://www.coffeedesk.pl/product/17762/Autumn-Coffee-Nikaragua-Matagalpa-Los-Pinos-Natural-Fil-250G--Kawa-Ziarnista-Outlet,43.2,250 g,Natural,Drip (Metody alternatywne),light,beans,"Kawa ziarnista jakości speciality z Nikaragui, wypalona przez polską palarnię Autumn Coffee Roasters. Palona w jasnym stopniu, idealna do ekspresu przelewowego, dripa, Chemexa, AeroPressa, French Pressa oraz innych alternatywnych metod parzenia. W filiżance można wyczuć nuty soczystej brzoskwini i pomarańczy, wraz ze słodyczą migdałów i miodu.",100% Arabica,Nikaragua,250.0,172.8
2471,https://www.coffeedesk.pl/product/17515/Bagdrip-Honduras-Box-8Szt-Outlet,25.2,8 x 11g,,Drip (Metody alternatywne),light,ground,"Bagdrip to kawa i specjalny filtr, który możesz zawiesić na swój kubek. W środku najwyższej jakości, świeżo palone, zmielone ziarna z różnych zakątków świata. Pozwala to przygotować pojedynczą porcję około 185 ml naparu - wystarczy gorąca woda i kubek. Pyszna kawa w każdych warunkach, w podróży i w domu - szybko, łatwo i bez specjalnego sprzętu.
 ",100% Arabica,Honduras,88.0,286.3636363636364
2472,https://www.coffeedesk.pl/product/13964/Bialetti-Perfetto-Moka-Cioccolato-250G,21.0,250 g,,espresso,dark,ground,"Bialetti Cioccolato Moka to włoska kawa mielona o ciemnym profilu palenia. Mieszanka składa się w 50% z Arabiki i w 50% z Robusty, a swój smak zawdzięcza dodatkowi aromatu i ekstraktu z kakao.  Intensywnie czekoladowa, słodka, o gęstej teksturze.

Ze względu na grubość mielenia, kawa jest polecana szczególnie do kawiarki. Odpowiedni stopień mielenia pozwala łatwiej zaparzyć kawę w poprawny sposób. Woda przepływa przez zmieloną kawę w odpowiednim tempie, co przekłada się na poprawną ekstrakcję i napar o oczekiwanym smaku.",None,None,250.0,84.0
2473,https://www.coffeedesk.pl/product/13948/Bialetti-Perfetto-Moka-Deka-250G,21.0,250 g,,espresso,dark,ground,"Bialetti Perfetto Moka Deka to kawa mielona o ciemnym profilu palenia. Kawa o delikatnym smaku, o wyczuwalnych nutach płatków zbożowych oraz pieczonego chleba.

Ze względu na grubość mielenia, kawa jest polecana szczególnie do kawiarki. Odpowiedni stopień mielenia pozwala łatwiej zaparzyć kawę w poprawny sposób. Woda przepływa przez zmieloną kawę w odpowiednim tempie, co przekłada się na poprawną ekstrakcję i napar o oczekiwanym smaku.",None,None,250.0,84.0
2474,https://www.coffeedesk.pl/product/13002/Bonanza-Colombia-El-Carmen-Decaf-Kawa-Bezkofeinowa,57.0,250 g,Washed,"drip, espresso",medium,beans,"Bezkofeinowa kawa ziarnista jakości speciality z Kolumbii, wypalana w berlińskiej Bonanza Coffee. Średnio palona, idealna do ekspresu przelewowego, dripa, Chemexa, AeroPressa, French Pressa oraz innych alternatywnych metod parzenia, jak i do Espresso. W kawie wyczuwalne są nuty miodu, śliwki i gruszki.",100% Arabica,Kolumbia,250.0,228.0
2475,https://www.coffeedesk.pl/product/16847/Bonanza-Costa-Rica-Adrubal,74.0,250 g,Natural,"drip, espresso",medium,beans,"Kawa ziarnista jakości speciality pochodząca z Kostaryki, wypalona w niemieckiej palarni Bonanza. Palona w średnim stopniu (omniroast), idealna do ekspresu przelewowego, dripa, Chemexa, AeroPressa, oraz innych alternatywych metod parzenia, jak i pod espresso. W naparze wyczuwalne są nuty dżemu malinowego, nugatu oraz czekoladowej praliny.",100% Arabica,Kostaryka,250.0,296.0
2476,https://www.coffeedesk.pl/product/15775/Bonanza-Costa-Rica-Finca-El-Delfin,74.0,250 g,Yellow Honey,"drip, espresso",medium,beans,"Kawa ziarnista jakości speciality pochodząca z Kostaryki, wypalona w niemieckiej palarni Bonanza. Palona w średnim stopniu (omniroast), idealna do ekspresu przelewowego, dripa, Chemexa, AeroPressa, oraz innych alternatywych metod parzenia, jak i pod espresso. W naparze wyczuwalne są nuty ananasa, daktyli oraz syropu klonowego.",100% Arabica,Kostaryka,250.0,296.0
2477,https://www.coffeedesk.pl/product/17413/Bonanza-Ethiopia-Sasaba-400G,129.0,400 g,Natural,"drip, espresso",light,beans,"Lubicie truskawki, prawda? Każdy lubi, przyznajcie. Czy CoffeeDesk stał się osiedlowym warzywniaczkiem? Nie, to tylko Etiopia Sasaba Natural spod szyldu berlińskiej Bonanzy! Tym razem wersja 400g w szklanym słoiczku!",100% Arabica,Etiopia,400.0,322.5
2478,https://www.coffeedesk.pl/product/17351/Bonanza-Rwanda-Bumbogo-Natural,66.0,250 g,Natural,Drip (Metody alternatywne),light,beans,"Kawa ziarnista jakości speciality pochodząca z Rwandy, wypalona w niemieckiej palarni Bonanza. Palona w średnim stopniu (omniroast), idealna do ekspresu przelewowego, dripa, Chemexa, AeroPressa, oraz innych alternatywych metod parzenia, jak i pod espresso. W naparze wyczuwalne są nuty arbuza, wiśniowej coli oraz rumianku.",100% Arabica,Rwanda,250.0,264.0
2479,https://www.coffeedesk.pl/product/17352/Bonanza-Rwanda-Bumbogo-Washed,57.0,250 g,Washed,Drip (Metody alternatywne),light,beans,"Kawa ziarnista jakości speciality pochodząca z Rwandy, wypalona w niemieckiej palarni Bonanza. Palona w średnim stopniu (omniroast), idealna do ekspresu przelewowego, dripa, Chemexa, AeroPressa, oraz innych alternatywych metod parzenia, jak i pod espresso. W naparze wyczuwalne są nuty czerwonej pomarańczy, rabarbaru oraz wanilii.",100% Arabica,Rwanda,250.0,228.0
2480,https://www.coffeedesk.pl/product/17000/Caffenation-Brazil-Taquaral-Anaerobic,60.0,250 g,Anaerobic,Drip (Metody alternatywne),light,beans,"Kawa ziarnista jakości speciality pochodząca z Brazylii, wypalona w belgijskiej palarni Caffenation. Palona jasno, idealna do ekspresu przelewowego, dripa, Chemexa, AeroPressa, French Pressa oraz innych alternatywnych metod parzenia. W smaku wyczuwalne są nuty żurawiny oraz jabłka. Świeża, słodka i owocowa, wyróżniająca się na tle innych kaw z tego regionu.",100% Arabica,Brazylia,250.0,240.0
2481,https://www.coffeedesk.pl/product/16621/Caffenation-Honduras-Copan-Saul-Moises-Mejia,48.0,250 g,Washed,Drip (Metody alternatywne),light,beans,"Kawa ziarnista jakości speciality pochodząca z Hondurasu, wypalona w belgijskiej palarni Caffenation. Palona jasno, idealna do ekspresu przelewowego, dripa, Chemexa, AeroPressa, French Pressa oraz innych alternatywnych metod parzenia. W smaku wyczuwalne są nuty jabłek oraz orzechów laskowych.",100% Arabica,Honduras,250.0,192.0
2482,https://www.coffeedesk.pl/product/17586/Caffenation-Kenya-Embu-Mwiria-Pb,50.0,250 g,Washed,Drip (Metody alternatywne),light,beans,"Kawa ziarnista jakości speciality pochodząca z Kenii, wypalana przez belgijską palarnię Caffenation. Jasno palona, idealna do ekspresu przelewowego, dripa, Chemexa, AeroPressa, French Pressa oraz innych alternatywnych metod parzenia. W smaku wyczuwalne są nuty winogron, malin oraz pomarańczowej marmolady.",100% Arabica,Kenia,250.0,200.0
2483,https://www.coffeedesk.pl/product/15748/Caffenation-Kenya-Kiamabara-Ab,52.0,250 g,Washed,Drip (Metody alternatywne),light,beans,"Kawa ziarnista jakości speciality pochodząca z Kenii, wypalana przez belgijską palarnię Caffenation. Jasno palona, idealna do ekspresu przelewowego, dripa, Chemexa, AeroPressa, French Pressa oraz innych alternatywnych metod parzenia. W smaku wyczuwalne są nuty jabłka oraz owoców pestkowych.",100% Arabica,Kenia,250.0,208.0
2484,https://www.coffeedesk.pl/product/16148/Caffenation-Kenya-Kiangombe-Aa,57.0,250 g,Washed,Drip (Metody alternatywne),light,beans,"Kawa ziarnista jakości speciality pochodząca z Kenii, wypalana przez belgijską palarnię Caffenation. Jasno palona, idealna do ekspresu przelewowego, dripa, Chemexa, AeroPressa, French Pressa oraz innych alternatywnych metod parzenia. W smaku wyczuwalne są nuty melona oraz skórki cytryny.",100% Arabica,Kenia,250.0,228.0
2485,https://www.coffeedesk.pl/product/17203/Caffenation-Kenya-Oakland-Estates-Pb,50.0,250 g,Washed,Drip (Metody alternatywne),light,beans,"Kawa ziarnista jakości speciality pochodząca z Kenii, wypalana przez belgijską palarnię Caffenation. Jasno palona, idealna do ekspresu przelewowego, dripa, Chemexa, AeroPressa, French Pressa oraz innych alternatywnych metod parzenia. W smaku wyczuwalne są nuty czerwonych jagód oraz owoców tropikalnych.",100% Arabica,Kenia,250.0,200.0
2486,https://www.coffeedesk.pl/product/16297/Caffenation-Mister-Lgb-Flower-Power-Blend-Omniroast,44.0,250 g,,"drip, espresso",medium,beans,"Blend kaw ziarnistych jakości speciality z belgijskiej palarni Caffenation, wypalany w średnim stopniu pod wszystkie metody parzenia - sprawdzi się zarówno pod espresso, jak i pod metody przelewowe. Charakteryzuje się wysokim stopniem słodyczy, który równoważą lekkie kwiatowe nuty.

Mieszanka składa się z ziaren arabik jakości speciality:
- Gwatemala Huehuetenango Mam
- Ethiopia Gedeb Kelloo",100% Arabica,"Etiopia, Gwatemala",250.0,176.0
2487,https://www.coffeedesk.pl/product/16300/Caffenation-Peru-La-Coipa,44.0,250 g,Washed,Drip (Metody alternatywne),light,beans,"Kawa ziarnista jakości speciality pochodząca z Peru, wypalona w belgijskiej palarni Caffenation. Palona jasno, idealna do ekspresu przelewowego, dripa, Chemexa, AeroPressa, French Pressa oraz innych alternatywnych metod parzenia. W smaku słodka, złożona, o wyczuwalnych nutach przypominających rum.",100% Arabica,Peru,250.0,176.0
2488,https://www.coffeedesk.pl/product/17591/Caffenation-Colombia-Huila-Bomba-De-Fruta-Natural-Fil-250G--Kawa-Ziarnista-Outlet,41.6,250 g,Natural,Drip (Metody alternatywne),light,beans,"Kawa ziarnista jakości speciality pochodząca z Kolumbii, wypalona w belgijskiej palarni Caffenation. Palona jasno, idealna do ekspresu przelewowego, dripa, Chemexa, AeroPressa, French Pressa oraz innych alternatywnych metod parzenia. W smaku wyczuwalne są nuty żelków.",100% Arabica,Kolumbia,250.0,166.4
2489,https://www.coffeedesk.pl/product/17037/Caffenation-Papua-New-Guinea-Eastern-Highlands-Baroida-Estate-Washed-Fil-250G--Kawa-Ziarnista-Outle,36.0,250 g,Washed,Drip (Metody alternatywne),light,beans,"Kawa ziarnista jakości speciality pochodząca z Papui Nowej Gwinei, wypalona w belgijskiej palarni Caffenation. Palona jasno, idealna do ekspresu przelewowego, dripa, Chemexa, AeroPressa, French Pressa oraz innych alternatywnych metod parzenia. W smaku wyczuwalne są nuty zielonych winogron i rabarbaru wraz ze słodyczą przypominającą cukier palmowy i belgijskie galaretki cuberdon.",100% Arabica,"Papua Nowa Gwinea, Rwanda",250.0,144.0
2490,https://www.coffeedesk.pl/product/16864/Casino-Mocca-Colombia-Bomba-De-Fruta,45.0,200 g,Natural,Drip (Metody alternatywne),light,beans,"Kawa ziarnista jakości speciality pochodząca z Kolumbii, wypalona w węgierskiej palarni Casino Mocca. Palona jasno, idealna do ekspresu przelewowego, dripa, Chemexa, AeroPressa, French Pressa, oraz innych alternatywnych metod parzenia. W jej smaku pojawiają się nuty śliwki, wiśni oraz czerwonej porzeczki.",100% Arabica,Kolumbia,200.0,225.0
2491,https://www.coffeedesk.pl/product/17264/Casino-Mocca-Colombia-El-Triunfo,42.0,200 g,Washed,Drip (Metody alternatywne),light,beans,"Kawa ziarnista jakości speciality pochodząca z Kolumbii, wypalona w węgierskiej palarni Casino Mocca. Palona jasno, idealna do ekspresu przelewowego, dripa, Chemexa, AeroPressa, French Pressa, oraz innych alternatywnych metod parzenia. W jej smaku pojawiają się nuty pomarańczy, krówek oraz jabłek.",100% Arabica,Kolumbia,200.0,210.0
2492,https://www.coffeedesk.pl/product/16819/Casino-Mocca-El-Salvador-Jorge-Recinos,45.0,200 g,Honey,Drip (Metody alternatywne),light,beans,"Kawa ziarnista jakości speciality z Salwadoru, wypalona w węgierskiej palarni Casino Mocca. Palona jasno, idealna do ekspresu przelewowego, dripa, Chemexa, AeroPressa, French Pressa, oraz innych alternatywnych metod parzenia. W smaku wyczuwalne są nuty winogron, nektarynek oraz grejpfruta.",100% Arabica,Salwador,200.0,225.0
2493,https://www.coffeedesk.pl/product/11305/Casino-Mocca-Rwanda-Gitesi,43.0,200 g,Washed,Drip (Metody alternatywne),light,beans,"Kawa ziarnista jakości speciality pochodząca z Rwandy, wypalona w węgierskiej palarni Casino Mocca.  Jasno palona, idealna do ekspresu przelewowego, dripa, Chemexa, AeroPressa oraz innych alternatywych metod parzenia. W smaku można wyczuć nuty śliwki, owoców dzikiej róży oraz delikatną kwasowość limonki.",100% Arabica,Rwanda,200.0,215.0
2494,https://www.coffeedesk.pl/product/17701/Casino-Mocca-Indonesia-Sumatra-Kerinci-Fil-200G--Kawa-Ziarnista-Outlet,31.5,200 g,Natural,Drip (Metody alternatywne),light,beans,"Kawa ziarnista jakości speciality pochodząca z Indonezji, wypalona w węgierskiej palarni Casino Mocca.  Jasno palona, idealna do ekspresu przelewowego, dripa, Chemexa, AeroPressa oraz innych alternatywych metod parzenia. W smaku można wyczuć nuty fig, winogron oraz ciemnej czekolady.",100% Arabica,Indonezja,200.0,157.5
2495,https://www.coffeedesk.pl/product/17580/Cloud-Picker-Brazil-Sao-Jose,49.0,250 g,Natural,Drip (Metody alternatywne),light,beans,"Kawa ziarnista jakości speciality pochodząca z Brazylii, wypalona w irlandzkiej palarni Cloud Picker. Palona w jasnym stopniu, idealna do ekspresu przelewowego, dripa, Chemexa, AeroPressa oraz innych alternatywnych metod parzenia. W smaku mozna wyczuć nuty wanilii, brzoskwini oraz orzechów brazylijskich.",100% Arabica,Brazylia,250.0,196.0
2496,https://www.coffeedesk.pl/product/17265/Cloud-Picker-China-Banka-Natural,59.0,250 g,Natural,Drip (Metody alternatywne),light,beans,"Kawa ziarnista jakości speciality pochodząca z Chin, wypalona w irlandzkiej palarni Cloud Picker. Palona w jasnym stopniu, idealna do  ekspresu przelewowego, dripa, Chemexa, AeroPressa oraz innych alternatywnych metod parzenia. W smaku wyczuwalne są nuty dżemu truskawkowego, wody różanej oraz ciemnych winogron.",100% Arabica,Chiny,250.0,236.0
2497,https://www.coffeedesk.pl/product/16630/Cloud-Picker-Ethiopia-Hambela-Wamena,62.0,250 g,Washed,Drip (Metody alternatywne),light,beans,"Kawa ziarnista jakości speciality pochodząca z Etiopii, wypalona w irlandzkiej palarni Cloud Picker. Palona w jasnym stopniu, idealna do ekspresu przelewowego, dripa, Chemexa, AeroPressa oraz innych alternatywnych metod parzenia. W smaku mozna wyczuć nuty jaśminowej herbaty, klementynki oraz cukru trzcinowego.",100% Arabica,Etiopia,250.0,248.0
2498,https://www.coffeedesk.pl/product/17200/Coffee-Plant-Brazylia-Cerrado-Espresso,25.0,250 g,Natural,espresso,medium,beans,"Kawa ziarnista jakości speciality pochodząca z Brazylii, wypalona w polskiej palarni COFFEE PLANT. Palona w średnim stopniu, sprawdzi się w ekspresach ciśnieniowych i kawiarkach. W smaku wyczuwalne są nuty mlecznej czekolady, orzecha laskowego oraz toffi.",100% Arabica,Brazylia,250.0,100.0
2499,https://www.coffeedesk.pl/product/17500/Coffee-Plant-Burundi-Yandaro,49.0,250 g,Honey,Drip (Metody alternatywne),light,beans,"Kawa ziarnista jakości speciality pochodząca z Burundi, wypalana w polskiej palarni COFFEE PLANT. Jasno palona, idealna do ekspresu przelewowego, dripa, Chemexa, AeroPressa, French Pressa, oraz innych alternatywnych metod parzenia. W smaku wyczuwalne są nuty brzoskwini, czarnej herbaty oraz miodu.",100% Arabica,Burundi,250.0,196.0
2500,https://www.coffeedesk.pl/product/17198/Coffee-Plant-Etiopia-Bombe,51.0,250 g,Washed,Drip (Metody alternatywne),light,beans,"Kawa ziarnista jakości speciality pochodząca z Etiopii, wypalana w polskiej palarni COFFEE PLANT. Jasno palona, idealna do ekspresu przelewowego, dripa, Chemexa, AeroPressa, French Pressa, oraz innych alternatywnych metod parzenia. W smaku wyczuwalne są nuty moreli, bargamotki, jaśminu oraz czarnej herbaty.",100% Arabica,Etiopia,250.0,204.0
2501,https://www.coffeedesk.pl/product/17196/Coffee-Plant-Kenia-Mahiga,52.0,250 g,Washed,Drip (Metody alternatywne),light,beans,"Kawa ziarnista jakości speciality pochodząca z Kenii, wypalana w polskiej palarni COFFEE PLANT. Jasno palona, idealna do ekspresu przelewowego, dripa, Chemexa, AeroPressa, French Pressa, oraz innych alternatywnych metod parzenia. W smaku wyczuwalne są nuty czerwonej porzeczki, brzoskwini, ananasa oraz pomarańczy.",100% Arabica,Kenia,250.0,208.0
2502,https://www.coffeedesk.pl/product/17199/Coffee-Plant-Rwanda-Kinazi,51.0,250 g,Anaerobic,Drip (Metody alternatywne),light,beans,"Kawa ziarnista jakości speciality pochodząca z Rwandy, wypalana w polskiej palarni COFFEE PLANT. Jasno palona, idealna do ekspresu przelewowego, dripa, Chemexa, AeroPressa, French Pressa, oraz innych alternatywnych metod parzenia. W smaku wyczuwalne są nuty dojrzałego mango, cynamonu oraz brązowego cukru.",100% Arabica,Rwanda,250.0,204.0
2503,https://www.coffeedesk.pl/product/16843/Coffeelab-Etiopia-Iron-Lion,50.0,250 g,Natural,Drip (Metody alternatywne),light,beans,"Kawa ziarnista jakości speciality pochodząca z Etiopii, wypalona w warszawskiej palarni Coffeelab. Palona jasno, idealna do ekspresu przelewowego, dripa, Chemexa, AeroPressa, French Pressa oraz innych alternatywnych metod parzenia. W smaku wyczuwalne są nuty cytrusów, jeżyny oraz czerwonego jabłka.",100% Arabica,Etiopia,250.0,200.0
2504,https://www.coffeedesk.pl/product/17025/Coffeelab-Gwatemala-Monte-De-Oro,54.0,250 g,Black Honey,"drip, espresso",medium,beans,"Kawa ziarnista jakości speciality pochodząca z Gwatemali, wypalona w warszawskiej palarni Coffeelab. Palona w średnim stopniu, idealna zarówno do ekspresu ciśnieniowego i kawiarki, jak i do ekspresu przelewowego, dripa, Chemexa, AeroPressa, French Pressa oraz innych alternatywnych metod parzenia. W smaku wyczuwalne są nuty miodu, cukru trzcinowego oraz moreli.",100% Arabica,Gwatemala,250.0,216.0
2505,https://www.coffeedesk.pl/product/16842/Coffeelab-Indie-Kaapi-Royale-Robusta,34.0,250 g,Washed,Drip (Metody alternatywne),light,beans,"Kawa ziarnista (100% Robusta) pochodząca z Indii, wypalona w warszawskiej palarni Coffeelab. Palona w jasnym stopniu, sprawdzi się zarówno do ekspresu ciśnieniowego oraz kawiarki, jak i do ekspresu przelewowego, dripa, Chemexa, AeroPressa, French Pressa i innych alternatywnych metod parzenia. W smaku pojawiają się nuty gorzkiej czekolady, lukrecji oraz orzechów.",100% Robusta,Indie,250.0,136.0
2506,https://www.coffeedesk.pl/product/17204/Coffeelab-Kostaryka-Las-Lajas-500G,69.0,500 g,Washed,Drip (Metody alternatywne),light,beans,"Kawa ziarnista jakości speciality pochodząca z Kostaryki, wypalona w warszawskiej palarni Coffeelab. Palona w jasnym stopniu, idealna do ekspresu przelewowego, dripa, Chemexa, AeroPressa, French Pressa oraz innych alternatywnych metod parzenia. W smaku wyczuwalne są nuty suszonych owoców oraz karmelu.",100% Arabica,Kostaryka,500.0,138.0
2507,https://www.coffeedesk.pl/product/16407/Coffeelab-Meksyk-El-Olmo-500G,69.0,500 g,Natural,Drip (Metody alternatywne),light,beans,"Kawa ziarnista jakości speciality pochodząca z Meksyku, wypalona w warszawskiej palarni Coffeelab. Palona jasno, idealna do ekspresu przelewowego, dripa, Chemexa, AeroPressa, French Pressa oraz innych alternatywnych metod parzenia. W smaku wyczuwalne są nuty śliwki, wiśni oraz czekolady.",100% Arabica,Meksyk,500.0,138.0
2508,https://www.coffeedesk.pl/product/16405/Coffeelab-Nikaragua-Fincas-Mierisch-Los-Placeres-Kawa-Bezkofeinowa,46.0,250 g,Washed,Drip (Metody alternatywne),light,beans,"Bezkofeinowa kawa ziarnista jakości speciality pochodząca z Nikaragui, wypalona w warszawskiej palarni Coffeelab. Palona jasno, idealna do ekspresu przelewowego, dripa, Chemexa, AeroPressa, French Pressa oraz innych alternatywnych metod parzenia. W smaku wyczuwalne są nuty brązowego cukru, czekolady oraz suszonych owoców.",100% Arabica,Nikaragua,250.0,184.0
2509,https://www.coffeedesk.pl/product/17347/Coffeelab-Nikaragua-Los-Pinos-Cascara-200G,36.0,200 g,,,,,"Cascara to wysuszona skórka owoców kawowca, z której można przygotować pyszny napar. W smaku przypomina czarną herbatę z nutami suszonej wiśni, limonki i zielonego jabłka. W porównaniu do kawy, cascara zawiera niewiele kofeiny.",None,Nikaragua,200.0,180.0
2510,https://www.coffeedesk.pl/product/10673/Coffeelab-Brazylia-Fazenda-Da-Lagoa-Forca-Cafe-Circuito-Das-Aguas-Natural-Fil-250G--Kawa-Ziarnista-,36.0,250 g,Natural,Drip (Metody alternatywne),light,beans,"Kawa ziarnista jakości speciality pochodząca z Brazylii, wypalona w warszawskiej palarni Coffeelab. Palona jasno, idealna do ekspresu przelewowego, dripa, Chemexa, AeroPressa, French Pressa, oraz innych alternatywnych metod parzenia. W smaku pojawiają się nuty owocowe i słodkie, zbliżone do malin, nektarynek i jeżyn.",100% Arabica,Brazylia,250.0,144.0
2511,https://www.coffeedesk.pl/product/17250/Coffeelab-Etiopia-Tega-Tula-Farm-Gera-A-Washed-Fil-250G--Kawa-Ziarnista-Outlet,35.0,250 g,Washed,Drip (Metody alternatywne),light,beans,"Kawa ziarnista jakości speciality pochodząca z Etiopii, wypalona w warszawskiej palarni Coffeelab. Palona jasno, idealna do ekspresu przelewowego, dripa, Chemexa, AeroPressa, French Pressa oraz innych alternatywnych metod parzenia. Kawa o maślanym body, w jej smaku pojawiają się nuty pomarańczy, limonki oraz kwiatów.",100% Arabica,Etiopia,250.0,140.0
2512,https://www.coffeedesk.pl/product/17517/Coffeelab-Gwatemala-Huehuetenango-El-Coyegual-Washed-Fil-250G--Kawa-Ziarnista-Outlet,35.0,250 g,Washed,Drip (Metody alternatywne),light,beans,"Kawa ziarnista jakości speciality pochodząca z Gwatemali, wypalona w warszawskiej palarni Coffeelab. Palona jasno, idealna do ekspresu przelewowego, dripa, Chemexa, AeroPressa, French Pressa oraz innych alternatywnych metod parzenia. W smaku wyczuwalne są nuty mlecznej czekolady, orzechów laskowych oraz brązowego cukru.",100% Arabica,Gwatemala,250.0,140.0
3234,https://www.coffeedesk.pl/product/5830/Danesi-Caffe-Gold-Espresso-250G,30.0,250 g,,espresso,dark,ground,"Włoska kawa mielona, na którą składa się mieszanka arabik z segmentu premium. Mielone ziarno pochodzi z Ameryki Środkowej, Etiopii oraz Indonezji. Ciemne palenie sprawia, że kawa sprawdzi się idealnie jako espresso oraz w połączeniu z mlekiem.

Świetnie zbalansowana pod względem słodyczy i kwasowości. W jej delikatnym smaku dominują nuty miodu i karmelu. Przygotowana kawa jest gęsta i kremowa.",80/20,None,250.0,120.0
3235,https://www.coffeedesk.pl/product/16618/Diamonds-Roastery-Brazil-Sitio-Sensa-Senhora-Aparecida-Espresso,41.0,250 g,Natural,espresso,medium,beans,"Kawa ziarnista jakości speciality pochodząca z Brazylii, wypalona w słowackiej palarni Diamonds Roastery. Palona w średnim stopniu, przeznaczona do espresso - doskonale sprawdzi się w ekspresach ciśnieniowych i kawiarkach. W smaku wyczuwalne są nuty owoców pestkowych, ciemnej czekolady, winogron oraz karmelu.",100% Arabica,Brazylia,250.0,164.0
3236,https://www.coffeedesk.pl/product/16615/Diamonds-Roastery-Ethiopia-The-King-Of-Guji,59.0,250 g,Natural,Drip (Metody alternatywne),light,beans,"Kawa ziarnista jakości speciality pochodząca z Etiopii, wypalona przez słowacką palarnię Diamonds Roastery. Palona jasno, idealna do ekspresu przelewowego, dripa, Chemexa, AeroPressa, French Pressa oraz innych alternatywnych metod parzenia. W smaku wyczuwalne są nuty malin, tamaryndowca oraz mlecznej czekolady.",100% Arabica,Etiopia,250.0,236.0
3237,https://www.coffeedesk.pl/product/16613/Diamonds-Roastery-Kenya-Mahiga-Ab,58.0,250 g,Washed,Drip (Metody alternatywne),light,beans,"Kawa ziarnista jakości speciality pochodząca z Kenii, wypalona przez słowacką palarnię Diamonds Roastery. Palona jasno, idealna do ekspresu przelewowego, dripa, Chemexa, AeroPressa, French Pressa oraz innych alternatywnych metod parzenia. W smaku wyczuwalne są nuty ananasa, pomarańczy, brzoskwini oraz czerwonej porzeczki.",100% Arabica,Kenia,250.0,232.0
3238,https://www.coffeedesk.pl/product/16616/Diamonds-Roastery-Peru-Maximandro-Torres-Sanchez,59.0,250 g,Natural,Drip (Metody alternatywne),light,beans,"Kawa ziarnista jakości speciality pochodząca z Peru, wypalona przez słowacką palarnię Diamonds Roastery. Palona jasno, idealna do ekspresu przelewowego, dripa, Chemexa, AeroPressa, French Pressa oraz innych alternatywnych metod parzenia. W smaku wyczuwalne są nuty dżemu brzoskwiniowego, jabłka, mlecznej czekolady oraz jeżyny.",100% Arabica,Peru,250.0,236.0
3239,https://www.coffeedesk.pl/product/16612/Diamonds-Roastery-Peru-Pedro-Garcia-Diaz,57.0,250 g,Washed,Drip (Metody alternatywne),light,beans,"Kawa ziarnista jakości speciality pochodząca z Peru, wypalona przez słowacką palarnię Diamonds Roastery. Palona jasno, idealna do ekspresu przelewowego, dripa, Chemexa, AeroPressa, French Pressa oraz innych alternatywnych metod parzenia. W smaku wyczuwalne są nuty czereśni, mandarynki, kakao oraz czarnej herbaty.",100% Arabica,Peru,250.0,228.0
3240,https://www.coffeedesk.pl/product/16614/Diamonds-Roastery-Rwanda-Gitwe-322,57.0,250 g,Washed,Drip (Metody alternatywne),light,beans,"Kawa ziarnista jakości speciality pochodząca z Rwandy, wypalona przez słowacką palarnię Diamonds Roastery. Palona jasno, idealna do ekspresu przelewowego, dripa, Chemexa, AeroPressa, French Pressa oraz innych alternatywnych metod parzenia. W smaku wyczuwalne są nuty czerwonych pomarańczy, gałki muszkatołowej, brzoskwini oraz karmelu.",100% Arabica,Rwanda,250.0,228.0
3241,https://www.coffeedesk.pl/product/17558/Diamonds-Roastery-Brazil-Sitio-Sensa-Senhora-Aparecida-Natural-Esp-250G--Kawa-Ziarnista-Outlet,30.75,250 g,Natural,espresso,medium,beans,"Kawa ziarnista jakości speciality pochodząca z Brazylii, wypalona w słowackiej palarni Diamonds Roastery. Palona w średnim stopniu, przeznaczona do espresso - doskonale sprawdzi się w ekspresach ciśnieniowych i kawiarkach. W smaku wyczuwalne są nuty owoców pestkowych, ciemnej czekolady, winogron oraz karmelu.",100% Arabica,Brazylia,250.0,123.0
3242,https://www.coffeedesk.pl/product/17554/Diamonds-Roastery-Peru-Castillo-Maximandro-Torres-Sanchez-Natural-Fil-250G--Kawa-Ziarnista-Outlet,44.25,250 g,Natural,Drip (Metody alternatywne),light,beans,"Kawa ziarnista jakości speciality pochodząca z Peru, wypalona przez słowacką palarnię Diamonds Roastery. Palona jasno, idealna do ekspresu przelewowego, dripa, Chemexa, AeroPressa, French Pressa oraz innych alternatywnych metod parzenia. W smaku wyczuwalne są nuty dżemu brzoskwiniowego, jabłka, mlecznej czekolady oraz jeżyny.",100% Arabica,Peru,250.0,177.0
3243,https://www.coffeedesk.pl/product/17560/Diamonds-Roastery-Peru-San-Jose-Del-Alto-Pedro-Garcia-Diaz-Washed-Fil-250G--Kawa-Ziarnista-Outlet,42.75,250 g,Washed,Drip (Metody alternatywne),light,beans,"Kawa ziarnista jakości speciality pochodząca z Peru, wypalona przez słowacką palarnię Diamonds Roastery. Palona jasno, idealna do ekspresu przelewowego, dripa, Chemexa, AeroPressa, French Pressa oraz innych alternatywnych metod parzenia. W smaku wyczuwalne są nuty czereśni, mandarynki, kakao oraz czarnej herbaty.",100% Arabica,Peru,250.0,171.0
3244,https://www.coffeedesk.pl/product/17559/Diamonds-Roastery-Rwanda-Nyamasheke-Gitwe-322-Washed-Fil-250G--Kawa-Ziarnista-Outlet,42.75,250 g,Washed,Drip (Metody alternatywne),light,beans,"Kawa ziarnista jakości speciality pochodząca z Rwandy, wypalona przez słowacką palarnię Diamonds Roastery. Palona jasno, idealna do ekspresu przelewowego, dripa, Chemexa, AeroPressa, French Pressa oraz innych alternatywnych metod parzenia. W smaku wyczuwalne są nuty czerwonych pomarańczy, gałki muszkatołowej, brzoskwini oraz karmelu.",100% Arabica,Rwanda,250.0,171.0
3245,https://www.coffeedesk.pl/product/13909/Diemme-Caffe-Miscela-Blu-Moka-Kawa-Ziarnista-250G,35.0,250 g,,espresso,dark,beans,,100% Arabica,None,250.0,140.0
3246,https://www.coffeedesk.pl/product/17453/Dobra-Palarnia-Kawy-Bardzo-Espresso-Blend-1Kg,111.0,1 kg,,espresso,medium,beans,"Blend ziaren z Brazylii oraz Gwatemali, wypalony przez krakowską palarnię Dobra Palarnia Kawy. Kawa palona w średnim stopniu, przeznaczona do espresso - sprawdzi się w ekspresach ciśnieniowych i kawiarkach. W jej smaku możesz się spodziewać nut migdałów oraz czekolady.",100% Arabica,"Brazylia, Gwatemala",1000.0,111.0
3247,https://www.coffeedesk.pl/product/8104/Dutch-Barista-El-Salvador-El-Capulin-Filter,40.0,250 g,Natural,Drip (Metody alternatywne),light,beans,"Kawa ziarnista jakości speciality z Salwadoru, wypalona w holenderskiej palarni Dutch Barista. Palona jasno, idealna do ekspresu przelewowego, dripa, Chemexa, AeroPressa, French Pressa, oraz innych alternatywnych metod parzenia. Kawa o słodkim smaku, dająca lepkie odczucie w ustach. W filiżance pojawiają się nuty malin, owoców tropikalnych i czereśni.",100% Arabica,Salwador,250.0,160.0
3248,https://www.coffeedesk.pl/product/10484/Dutch-Barista-El-Salvador-El-Roble,39.0,250 g,Red Honey,Drip (Metody alternatywne),light,beans,,100% Arabica,Salwador,250.0,156.0
3249,https://www.coffeedesk.pl/product/8363/Dutch-Barista-El-Salvador-El-Roble-Black-Honey,43.0,250 g,Honey,Drip (Metody alternatywne),light,beans,"Kawa ziarnista jakości speciality z Salwadoru, wypalona w holenderskiej palarni Dutch Barista. Palona jasno, idealna do ekspresu przelewowego, dripa, Chemexa, AeroPressa, French Pressa, oraz innych alternatywnych metod parzenia. Kawa o słodkim smaku, dająca kremowe odczucie w ustach. W filiżance pojawiają się nuty gruszek, brązowego cukru, rodzynek, kwasowość malin i pomarańczy.",100% Arabica,Salwador,250.0,172.0
3250,https://www.coffeedesk.pl/product/15656/Dutch-Barista-Ethiopia-Idido,39.0,250 g,Natural,Drip (Metody alternatywne),light,beans,"Kawa ziarnista jakości speciality z Etiopii, wypalona w holenderskiej palarni Dutch Barista. Palona jasno, idealna do ekspresu przelewowego, dripa, Chemexa, AeroPressa, French Pressa, oraz innych alternatywnych metod parzenia. W jej smaku można wyczuć nutę jabłka, róży, brzoskwini, granatu. liczi oraz borówki.",100% Arabica,Etiopia,250.0,156.0
3251,https://www.coffeedesk.pl/product/13295/Dutch-Barista-Guatemala-Santa-Ana-Geisha,62.0,250 g,Washed,Drip (Metody alternatywne),light,beans,"Kawa ziarnista jakości speciality z Gwatemali, wypalona w holenderskiej palarni Dutch Barista. Palona jasno, idealna do ekspresu przelewowego, dripa, Chemexa, AeroPressa, French Pressa, oraz innych alternatywnych metod parzenia. W smaku tej kawy wyczujesz nuty owoców tropikalnych oraz czarnego bzu.",100% Arabica,Gwatemala,250.0,248.0
3252,https://www.coffeedesk.pl/product/16829/Dutch-Barista-Mexico-Blue-Mountain,32.0,250 g,Washed,Drip (Metody alternatywne),light,beans,"Kawa ziarnista jakości speciality z Meksyku, wypalona w holenderskiej palarni Dutch Barista. Palona jasno, idealna do ekspresu przelewowego, dripa, Chemexa, AeroPressa, French Pressa, oraz innych alternatywnych metod parzenia. W jej smaku można wyczuć nutę czekolady, marcepanu oraz moreli.",100% Arabica,Meksyk,250.0,128.0
3253,https://www.coffeedesk.pl/product/15833/Dutch-Barista-Myanmar-Green-Land-Estate,42.0,250 g,Natural,Drip (Metody alternatywne),light,beans,"Kawa ziarnista jakości speciality z Mjanmy, wypalona w holenderskiej palarni Dutch Barista. Palona jasno, idealna do ekspresu przelewowego, dripa, Chemexa, AeroPressa, French Pressa, oraz innych alternatywnych metod parzenia. W jej smaku można wyczuć nutę cukru, goździków oraz malin.",100% Arabica,Mjanma,250.0,168.0
3254,https://www.coffeedesk.pl/product/17565/Dutch-Barista-Costa-Rica-Tarrazu-El-Pilon-Natural-Fil-250G--Kawa-Ziarnista-Outlet,33.0,250 g,Natural,Drip (Metody alternatywne),light,beans,"Kawa ziarnista jakości speciality z Kostaryki, wypalona w holenderskiej palarni Dutch Barista. Palona jasno, idealna do ekspresu przelewowego, dripa, Chemexa, AeroPressa, French Pressa, oraz innych alternatywnych metod parzenia. W jej smaku pojawia się nuta truskawki i pieczonego chleba.",100% Arabica,Kostaryka,250.0,132.0
3255,https://www.coffeedesk.pl/product/17564/Dutch-Barista-El-Salvador--El-Roble-Black-Honey-250G--Ziarno-Outlet,32.25,250 g,Honey,Drip (Metody alternatywne),light,beans,"Kawa ziarnista jakości speciality z Salwadoru, wypalona w holenderskiej palarni Dutch Barista. Palona jasno, idealna do ekspresu przelewowego, dripa, Chemexa, AeroPressa, French Pressa, oraz innych alternatywnych metod parzenia. Kawa o słodkim smaku, dająca kremowe odczucie w ustach. W filiżance pojawiają się nuty gruszek, brązowego cukru, rodzynek, kwasowość malin i pomarańczy.",100% Arabica,Salwador,250.0,129.0
3256,https://www.coffeedesk.pl/product/17568/Dutch-Barista-Guatemala-Santa-Ana-Pueblo-Nuevo-Vinas-Natural-Fil-250G--Kawa-Ziarnista-Outlet,29.25,250 g,Natural,Drip (Metody alternatywne),light,beans,"Kawa ziarnista jakości speciality z Gwatemali, wypalona w holenderskiej palarni Dutch Barista. Palona jasno, idealna do ekspresu przelewowego, dripa, Chemexa, AeroPressa, French Pressa, oraz innych alternatywnych metod parzenia. W smaku tej kawy wyczujesz nuty ciemnych owoców, słodycz rodzynek, rumu i miodu oraz świeże nuty syropu jabłkowego, mandarynek i ciemnych winogron.",100% Arabica,Gwatemala,250.0,117.0
3257,https://www.coffeedesk.pl/product/17694/Dutch-Barista-Honduras-Mercedes-Ocotepeque-Orellana-Honey-Fil-250G--Kawa-Ziarnista-Outlet,31.5,250 g,Honey,Drip (Metody alternatywne),light,beans,"Kawa ziarnista jakości speciality z Hondurasu, wypalona w holenderskiej palarni Dutch Barista. Palona jasno, idealna do ekspresu przelewowego, dripa, Chemexa, AeroPressa, French Pressa, oraz innych alternatywnych metod parzenia. W smaku tej kawy wyczujesz nuty białych winogron, zielonych jabłek oraz grejpfruta.",100% Arabica,Honduras,250.0,126.0
3258,https://www.coffeedesk.pl/product/11036/Etno-Cafe-Brazylia-Wesolych-Swiat-250G,32.0,250 g,Natural,"drip, espresso",medium,beans,"Świąteczna kawa ziarnista pochodząca z Brazylii, wypalana w polskiej palarni Etno Cafe. Palona średnio, idealna do ekspresu przelewowego, dripa, Chemexa, AeroPressa, French Pressa, oraz innych alternatywnych metod parzenia, jak i pod espresso. W kawie można wyczuć nuty czekolady, cytrusów oraz orzechów.",100% Arabica,Brazylia,250.0,128.0
3260,https://www.coffeedesk.pl/product/11035/Etno-Cafe-Kolumbia-Magicznych-Swiat-250G,27.0,250 g,Washed,"drip, espresso",medium,beans,"Świąteczna kawa ziarnista pochodząca z Kolumbii, wypalana w polskiej palarni Etno Cafe. Palona średnio, idealna do ekspresu przelewowego, dripa, Chemexa, AeroPressa, French Pressa, oraz innych alternatywnych metod parzenia, jak i pod espresso. W kawie można wyczuć nuty cytrusów oraz czekolady deserowej.",100% Arabica,Kolumbia,250.0,108.0
3261,https://www.coffeedesk.pl/product/17522/Etno-Cafe-Guatemala-Huehuetenango-250G--Kawa-Ziarnista-Outlet,24.0,250 g,Washed,"drip, espresso",medium,beans,"Kawa ziarnista pochodząca z Gwatemali, wypalana w polskiej palarni Etno Cafe. Palona w średnim stopniu, sprawdzi się przede wszytkim do espresso, jak i do ekspresu przelewowego, dripa, Chemexa, AeroPressa, French Pressa oraz innych alternatywnych metod parzenia. W kawie można wyczuć nuty mlecznej czekolady oraz syropu klonowego.",100% Arabica,Gwatemala,250.0,96.0
3262,https://www.coffeedesk.pl/product/11329/Father-S-Coffee-Rwanda-Gitega-Hills,59.0,300 g,Natural,Drip (Metody alternatywne),light,beans,"Kawa ziarnista jakości speciality pochodząca z Rwandy, wypalona w czeskiej palarni Father's Coffee.  Palona jasno, idealna do ekspresu przelewowego, dripa, Chemexa, AeroPressa, oraz innych alternatywnych metod parzenia. W smaku wyczuwalne są nuty truskawek, wanilii oraz jabłek w karmelu.",100% Arabica,Rwanda,300.0,196.66666666666666
3263,https://www.coffeedesk.pl/product/17164/Figa-Coffee-Kenia-Murue-Ngurueri-Ab,60.0,250 g,Washed,"drip, espresso",light,beans,"Kawa ziarnista jakości speciality pochodząca z Kenii, wypalona w wrocławskiej palarni Figa Coffee. Palona jasno, idealna do ekspresu przelewowego, dripa, Chemexa, AeroPressa, French Pressa, oraz innych alternatywnych metod parzenia. W smaku wyczuwalne są nuty czarnej porzeczki oraz jaśminu.",100% Arabica,Kenia,250.0,240.0
3264,https://www.coffeedesk.pl/product/16584/Figa-Coffee-Kolumbia-Luis-Jose-Valdes,75.0,250 g,Natural,Drip (Metody alternatywne),light,beans,"Kawa ziarnista jakości speciality pochodząca z Kolumbii, wypalona w wrocławskiej palarni Figa Coffee. Palona jasno, idealna do ekspresu przelewowego, dripa, Chemexa, AeroPressa, French Pressa, oraz innych alternatywnych metod parzenia. W smaku wyczuwalne są nuty czekolady, słodkich jabłek oraz rumu. ",100% Arabica,Kolumbia,250.0,300.0
3265,https://www.coffeedesk.pl/product/17803/Figa-Kolumbia-Caldas-Luis-Jose-Valdes-Natural-Fil-250G--Kawa-Ziarnista-Outlet,48.75,250 g,Natural,Drip (Metody alternatywne),light,beans,"Kawa ziarnista jakości speciality pochodząca z Kolumbii, wypalona w wrocławskiej palarni Figa Coffee. Palona jasno, idealna do ekspresu przelewowego, dripa, Chemexa, AeroPressa, French Pressa, oraz innych alternatywnych metod parzenia. W smaku wyczuwalne są nuty czekolady, słodkich jabłek oraz rumu. ",100% Arabica,Kolumbia,250.0,195.0
3266,https://www.coffeedesk.pl/product/17700/Figa-Kostaryka-Naranjo-El-Perezoso-Natural-Fil-250G--Kawa-Ziarnista-Outlet,45.0,250 g,Natural,Drip (Metody alternatywne),light,beans,"Kawa ziarnista jakości speciality pochodząca z Kostaryki, wypalona w wrocławskiej palarni Figa Coffee. Palona jasno, idealna do ekspresu przelewowego, dripa, Chemexa, AeroPressa, French Pressa, oraz innych alternatywnych metod parzenia. W smaku wyczuwalne są nuty wiśni, gruszki oraz ciemnej czekolady.",100% Arabica,Kostaryka,250.0,180.0
3267,https://www.coffeedesk.pl/product/17759/Figa-Rwanda-Nyamasheke-Karambi-Washed-Fil-250G--Kawa-Ziarnista-Outlet,41.25,250 g,Washed,Drip (Metody alternatywne),light,beans,"Kawa ziarnista jakości speciality pochodząca z Rwandy, wypalona w wrocławskiej palarni Figa Coffee. Palona jasno, idealna do ekspresu przelewowego, dripa, Chemexa, AeroPressa, French Pressa, oraz innych alternatywnych metod parzenia. W smaku wyczuwalne są nuty przypraw, karmelu oraz pomarańczy.",100% Arabica,Rwanda,250.0,165.0
3268,https://www.coffeedesk.pl/product/16370/Five-Elephant-Ethiopia-Koromii,70.0,250 g,Natural,Drip (Metody alternatywne),light,beans,"Kawa ziarnista jakości speciality pochodząca z Etiopii, wypalona przez berlińską palarnię Five Elephant. Palona jasno, idealna do ekspresu przelewowego, dripa, Chemexa, AeroPressa, French Pressa, oraz innych alternatywnych metod parzenia. W smaku wyczuwalne są nuty marmolady brzoskwiniowej, chmielu oraz jeżyn.",100% Arabica,Etiopia,250.0,280.0
3269,https://www.coffeedesk.pl/product/16360/Five-Elephant-Kenya-Thunguri-Aa,82.0,250 g,Washed,Drip (Metody alternatywne),light,beans,"Kawa ziarnista jakości speciality pochodząca z Kenii, wypalona przez berlińską palarnię Five Elephant. Palona jasno, idealna do ekspresu przelewowego, dripa, Chemexa, AeroPressa, French Pressa, oraz innych alternatywnych metod parzenia. W smaku wyczuwalne są nuty herbaty jaśminowej, owocu dzikiej róży i białej porzeczki.",100% Arabica,Kenia,250.0,328.0
3270,https://www.coffeedesk.pl/product/16280/Fjord-El-Salvador-Divina-Providencia-Natural,67.0,250 g,Natural,Drip (Metody alternatywne),light,beans,"Kawa ziarnista jakości speciality pochodząca z Salwadoru, wypalana przez niemiecką palarnię Fjord. Palona jasno, idealna do ekspresu przelewowego, dripa, Chemexa, AeroPressa, French Pressa, oraz innych alternatywnych metod parzenia. W smaku są wyczuwalne nuty czerwonych jabłek, żurawiny oraz wanilii.",100% Arabica,Salwador,250.0,268.0
3271,https://www.coffeedesk.pl/product/13431/Fjord-Ethiopia-Okoluu-Filter,58.0,250 g,Natural,Drip (Metody alternatywne),light,beans,"Kawa ziarnista jakości speciality pochodząca z Etiopii, wypalana przez niemiecką palarnię Fjord. Palona jasno, idealna do ekspresu przelewowego, dripa, Chemexa, AeroPressa, French Pressa, oraz innych alternatywnych metod parzenia. W smaku są wyczuwalne nuty poziomki, jaśminu oraz brzoskwini.",100% Arabica,Etiopia,250.0,232.0
3272,https://www.coffeedesk.pl/product/17703/Fjord-Colombia-Narino-Libertador-Washed-Fil-250G--Kawa-Ziarnista-Outlet,46.4,250 g,Washed,Drip (Metody alternatywne),light,beans,"Kawa ziarnista jakości speciality pochodząca z Kolumbii, wypalana przez niemiecką palarnię Fjord. Palona jasno, idealna do ekspresu przelewowego, dripa, Chemexa, AeroPressa, French Pressa, oraz innych alternatywnych metod parzenia. W smaku są wyczuwalne nuty pomarańczy, rodzynek oraz agrestu.",100% Arabica,Kolumbia,250.0,185.6
3273,https://www.coffeedesk.pl/product/17110/Fjord-El-Salvador-Santa-Ana-Volcano-Finca-Divina-Providencia-Natural-Fil-250G--Kawa-Ziarnista-Outle,46.9,250 g,Natural,Drip (Metody alternatywne),light,beans,"Kawa ziarnista jakości speciality pochodząca z Salwadoru, wypalana przez niemiecką palarnię Fjord. Palona jasno, idealna do ekspresu przelewowego, dripa, Chemexa, AeroPressa, French Pressa, oraz innych alternatywnych metod parzenia. W smaku są wyczuwalne nuty czerwonych jabłek, żurawiny oraz wanilii.",100% Arabica,Salwador,250.0,187.6
3274,https://www.coffeedesk.pl/product/13053/Gardelli-Speciality-Coffees-Brazil-Manga-Larga-Series,52.0,250 g,Anaerobic natural,"drip, espresso",medium,beans,"Kawa ziarnista jakości speciality pochodząca z Brazylii, wypalana przez Rubensa Gardelliego, Mistrza Świata w wypalaniu kawy w 2017 roku. Palona w średnim stopniu, sprawdzi się zarówno do przelewowych metod parzenia, jak i espresso. W smaku wyczuwalne są nuty śliwki, limonki, likieru wiśniowego oraz toffi.",100% Arabica,Brazylia,250.0,208.0
3275,https://www.coffeedesk.pl/product/17662/Gardelli-Specialty-Coffees-Colombia-El-Mirador-Terra-Nova,62.0,250 g,Washed,"drip, espresso",medium,beans,"Kawa ziarnista jakości speciality pochodząca z Kolumbii, wypalana przez Rubensa Gardelliego, Mistrza Świata w wypalaniu kawy w 2017 roku. Palona w średnim stopniu, sprawdzi się zarówno do przelewowych metod parzenia, jak i espresso. W smaku wyczuwalne są nuty trawy cytrynowej, trzciny cukrowej, marcepanu oraz suszonej śliwki.",100% Arabica,Kolumbia,250.0,248.0
3276,https://www.coffeedesk.pl/product/16216/Gardelli-Specialty-Coffees-Colombia-Finca-La-Aurora,58.0,250 g,Natural,"drip, espresso",medium,beans,"Kawa ziarnista jakości speciality pochodząca z Kolumbii, wypalana przez Rubensa Gardelliego, Mistrza Świata w wypalaniu kawy w 2017 roku. Palona w średnim stopniu, sprawdzi się zarówno do przelewowych metod parzenia, jak i espresso. W smaku wyczuwalne są nuty poziomki, cukru muscovado oraz daktyli.",100% Arabica,Kolumbia,250.0,232.0
3277,https://www.coffeedesk.pl/product/17669/Good-Coffee-Brazylia-Rafael-Vinhal,42.0,250 g,Honey,Drip (Metody alternatywne),light,beans,"Kawa ziarnista jakości speciality pochodząca z Brazylii, wypalona przez warszawską Good Coffee Micro Roasters. Palona jasno, idealna do ekspresu przelewowego, dripa, Chemexa, AeroPressa, French Pressa, oraz innych alternatywnych metod parzenia. W smaku wyczuwalne są nuty cynamonu, orzechów włoskich, daktyli oraz rumu.",100% Arabica,Brazylia,250.0,168.0
3278,https://www.coffeedesk.pl/product/17672/Good-Coffee-Demokratyczna-Republika-Konga-Karango,47.0,250 g,Washed,Drip (Metody alternatywne),light,beans,"Kawa ziarnista jakości speciality pochodząca z Demokratycznej Republiki Konga, wypalona przez warszawską Good Coffee Micro Roasters. Palona jasno, idealna do ekspresu przelewowego, dripa, Chemexa, AeroPressa, French Pressa, oraz innych alternatywnych metod parzenia. W smaku wyczuwalne są nuty porzeczki, jeżyny, malin, kakao oraz cukru trzcinowego.",100% Arabica,Demokratyczna Republika Konga,250.0,188.0
3279,https://www.coffeedesk.pl/product/15675/Good-Coffee-Etiopia-Bensa-Asefa,47.0,250 g,Red Honey,Drip (Metody alternatywne),light,beans,"Kawa ziarnista jakości speciality pochodząca z Etiopii, wypalona przez warszawską Good Coffee Micro Roasters. Palona jasno, idealna do ekspresu przelewowego, dripa, Chemexa, AeroPressa, French Pressa, oraz innych alternatywnych metod parzenia. W smaku wyczuwalne są nuty moreli, brzoskwini, papai, miodu, jagód oraz czarnej herbaty.",100% Arabica,Etiopia,250.0,188.0
3280,https://www.coffeedesk.pl/product/16244/Good-Coffee-Etiopia-Sidamo-Odako,51.0,250 g,Natural,Drip (Metody alternatywne),light,beans,"Kawa ziarnista jakości speciality pochodząca z Etiopii, wypalona przez warszawską Good Coffee Micro Roasters. Palona jasno, idealna do ekspresu przelewowego, dripa, Chemexa, AeroPressa, French Pressa, oraz innych alternatywnych metod parzenia. W smaku wyczuwalne są nuty poziomek, truskawek i mlecznej czekolady.",100% Arabica,Etiopia,250.0,204.0
3281,https://www.coffeedesk.pl/product/17385/Good-Coffee-Kolumbia-San-Pedro,50.0,250 g,Semi-washed,Drip (Metody alternatywne),light,beans,"Kawa ziarnista jakości speciality pochodząca z Kolumbii, wypalona przez warszawską Good Coffee Micro Roasters. Palona jasno, idealna do ekspresu przelewowego, dripa, Chemexa, AeroPressa, French Pressa, oraz innych alternatywnych metod parzenia. W smaku wyczuwalne są nuty jeżyn, malin, dzikiej róży, czerwonych pomarańczy oraz czekolady.",100% Arabica,Kolumbia,250.0,200.0
3282,https://www.coffeedesk.pl/product/17671/Good-Coffee-Papua-Nowa-Gwinea-Arufa,45.0,250 g,Natural,Drip (Metody alternatywne),light,beans,"Kawa ziarnista jakości speciality pochodząca z Papui Nowej Gwinei, wypalona przez warszawską Good Coffee Micro Roasters. Palona jasno, idealna do ekspresu przelewowego, dripa, Chemexa, AeroPressa, French Pressa, oraz innych alternatywnych metod parzenia. W smaku wyczuwalne są nuty likieru wiśniowego, anyżu, marakui, kiwi oraz deserowej czekolady.",100% Arabica,Papua Nowa Gwinea,250.0,180.0
3283,https://www.coffeedesk.pl/product/17113/Good-Coffee-Tanzania-Lunji-Estate,45.0,250 g,Washed,Drip (Metody alternatywne),light,beans,"Kawa ziarnista jakości speciality pochodząca z Tanzanii, wypalona przez warszawską Good Coffee Micro Roasters. Palona jasno, idealna do ekspresu przelewowego, dripa, Chemexa, AeroPressa, French Pressa, oraz innych alternatywnych metod parzenia. W smaku wyczuwalne są nuty winogron, czekolady, cytrusów, rodzynek oraz miodu.",100% Arabica,Tanzania,250.0,180.0
3284,https://www.coffeedesk.pl/product/17397/Good-Coffee-Honduras-Copan-Donaldo-Fiallos-Natural-Fil-250G--Kawa-Ziarnista-Outlet,33.0,250 g,Natural,Drip (Metody alternatywne),light,beans,"Kawa ziarnista jakości speciality pochodząca z Hondurasu, wypalona przez warszawską Good Coffee Micro Roasters. Palona jasno, idealna do ekspresu przelewowego, dripa, Chemexa, AeroPressa, French Pressa, oraz innych alternatywnych metod parzenia. W smaku wyczuwalne są nuty likieru wiśniowego, jagód, owoców tropikalnych oraz cukru trzcinowego.",100% Arabica,Honduras,250.0,132.0
3285,https://www.coffeedesk.pl/product/9531/Hard-Beans-Brazylia-Samambaia-Yellow-Bourbon,39.0,250 g,Pulped natural,Drip (Metody alternatywne),light,beans,"Kawa ziarnista jakości speciality pochodząca z Brazylii, wypalana przez polską palarnię Hard Beans. Palona jasno, idealna do ekspresu przelewowego, dripa, Chemexa, AeroPressa, French Pressa, oraz innych alternatywnych metod parzenia. W smaku kawy pojawiają się naturalne nuty zbliżone do herbatników, toffi, mlecznej czekolady i czerwonych jabłek.",100% Arabica,Brazylia,250.0,156.0
3286,https://www.coffeedesk.pl/product/17322/Hard-Beans-Brazylia-Samambaia-Yellow-Topazio,55.0,250 g,Aerobic Fermentation in Piles,Drip (Metody alternatywne),light,beans,"Kawa ziarnista jakości speciality pochodząca z Brazylii, wypalana przez polską palarnię Hard Beans. Palona jasno, idealna do ekspresu przelewowego, dripa, Chemexa, AeroPressa, French Pressa, oraz innych alternatywnych metod parzenia. W smaku kawy pojawiają się naturalne nuty zbliżone do bananów, pieczonego ananasa oraz karmelu.",100% Arabica,Brazylia,250.0,220.0
3287,https://www.coffeedesk.pl/product/16653/Hard-Beans-Gwatemala-Finca-La-Soledad,65.0,250 g,Experimental Anaerobic,Drip (Metody alternatywne),light,beans,"Kawa ziarnista jakości speciality pochodząca z Gwatemali, wypalana przez polską palarnię Hard Beans. Palona jasno, sprawdzi się do ekspresu przelewowego, dripa, Chemexa, AeroPressa, French Pressa, oraz innych alternatywnych metod parzenia. W filiżance pojawia się soczyste body o nutach śliwki oraz jeżyny.",100% Arabica,Gwatemala,250.0,260.0
3288,https://www.coffeedesk.pl/product/16027/Hard-Beans-Honduras-Finca-San-Isidro-Katia-Duke,53.0,250 g,Red Honey,Drip (Metody alternatywne),light,beans,"Kawa ziarnista jakości speciality pochodząca z Hondurasu, wypalana przez polską palarnię Hard Beans. Palona jasno, sprawdzi się do ekspresu przelewowego, dripa, Chemexa, AeroPressa, French Pressa, oraz innych alternatywnych metod parzenia. W smaku pojawiają się nuty mirabelki, biszkoptu oraz pigwy.",100% Arabica,Honduras,250.0,212.0
3289,https://www.coffeedesk.pl/product/16652/Hard-Beans-Peru-Cajamarca-Shb-Filtr-250G,29.0,250 g,Washed,Drip (Metody alternatywne),light,beans,"Kawa ziarnista jakości speciality pochodząca z Peru, wypalana przez polską palarnię Hard Beans. Palona jasno, idealna do ekspresu przelewowego, dripa, Chemexa, AeroPressa, French Pressa, oraz innych alternatywnych metod parzenia. W filiżance możesz spodziewać się zbalansowanego body, delikatnej kwasowości cytrusów i słodyczy karmelu.",100% Arabica,Peru,250.0,116.0
3290,https://www.coffeedesk.pl/product/17516/Hard-Beans-Boliwia-Samaipata-El-Fuerte-Lot-25-And-Lot-27-Washed-Fil-2X125G--Kawa-Ziarnista-Outlet,47.45,250 g,Washed,Drip (Metody alternatywne),light,beans,"Kawa ziarnista jakości speciality pochodząca z Boliwii, wypalana przez polską palarnię Hard Beans. Palona jasno, sprawdzi się do ekspresu przelewowego, dripa, Chemexa, AeroPressa, French Pressa, oraz innych alternatywnych metod parzenia. W smaku można spodziewać się nut zbliżonych do kwiatów, gruszki, białej czekolady, mirabelki i ziaren kakaowca.

W jednym pudełku znajdziesz ziarno odmiany Java, pochodzące z jednej farmy, jednak z innych zbiorów i poddane nieco innej obróbce: oto lot #25 i #27. Obydwa zbiory/loty były starannie obrobione w znajdującym się na farmie młynie, a następnie poddane fermentacji przez 20/22 godziny. Suszenie odbywało się głównie mechanicznie w stacjonarnej suszarce o stale kontrolowanej temperaturze (poniżej 35 stopni Celsjusza). Wyjątkiem była jedna noc, kiedy to lot #25 był suszony na podwyższonych afrykańskich łożach.",100% Arabica,Boliwia,250.0,189.8
3291,https://www.coffeedesk.pl/product/17420/Hard-Beans-Gorilla-Blend-30-Peru-Gwatemala-Esp-250G--Kawa-Ziarnista-Outlet,25.2,250 g,,espresso,medium,beans,"Gorilla Blend to mieszanka kaw jakości speciality stworzona przez polską palarnię Hard Beans. Ziarno jest palone w średnim stopniu pod espresso - doskonała do ekspresów ciśnieniowych i kawiarek. Składają się na nią ziarna z Peru i Gwatemalii. Kawa o złożonym smaku przypominającym orzechy włoskie, żółte owoce oraz pomarańcze.",100% Arabica,"Peru, Gwatemala",250.0,100.8
3292,https://www.coffeedesk.pl/product/17490/Hayb-Boliwia-Los-Rodriguez,68.0,250 g,Natural,Drip (Metody alternatywne),light,beans,"Kawa ziarnista jakości speciality pochodząca z Boliwii, wypalona w warszawskiej palarni HAYB. Palona jasno, idealna do ekspresu przelewowego, dripa, Chemexa, AeroPressa, French Pressa, oraz innych alternatywnych metod parzenia. W smaku pojawiają się cięższe nuty wanilii i bourbonu, owocowość jagód oraz słodycz rodzynek.",100% Arabica,Boliwia,250.0,272.0
3293,https://www.coffeedesk.pl/product/17595/Hayb-Honduras-Santa-Barbara-Las-Flores-Roberto-Sabillon-Washed-Fil-250G--Kawa-Ziarnista-Outlet,47.6,250 g,Washed,Drip (Metody alternatywne),light,beans,"Kawa ziarnista jakości speciality pochodząca z Hondurasu, wypalona w warszawskiej palarni HAYB. Palona jasno, idealna do ekspresu przelewowego, dripa, Chemexa, AeroPressa, French Pressa, oraz innych alternatywnych metod parzenia. W smaku pojawiają się nuty jabłka, limonki oraz owoców tropikalnych.
 ",100% Arabica,Honduras,250.0,190.4
3294,https://www.coffeedesk.pl/product/17419/Hayb-Kolumbia-Cauca-Diego-Samuel-Bermundez-El-Paraiso-Natural-Fil-250G--Kawa-Ziarnista-Outlet,44.8,250 g,Natural,Drip (Metody alternatywne),light,beans,"Kawa ziarnista jakości speciality pochodząca z Kolumbii, wypalona w warszawskiej palarni HAYB. Palona jasno, idealna do ekspresu przelewowego, dripa, Chemexa, AeroPressa, French Pressa, oraz innych alternatywnych metod parzenia. W smaku pojawiają się nuty brzoskwini, malinowej herbaty oraz poziomek.",100% Arabica,Kolumbia,250.0,179.2
3295,https://www.coffeedesk.pl/product/17426/Hayb-Peru-La-Palma-Oasias-Carrasco-Washed-Fil-250G--Kawa-Ziarnista-Outlet,42.0,250 g,Washed,Drip (Metody alternatywne),light,beans,"Kawa ziarnista jakości speciality pochodząca z Peru, wypalona w warszawskiej palarni HAYB. Palona jasno, idealna do ekspresu przelewowego, dripa, Chemexa, AeroPressa, French Pressa, oraz innych alternatywnych metod parzenia. W smaku pojawiają się nuty zbliżone do różowego grapefruta, czerwonej porzeczki oraz kwiatów.",100% Arabica,Peru,250.0,168.0
3296,https://www.coffeedesk.pl/product/17086/Java-Coffee-Indonezja-Flores-Da-Gabo-Bajawa,50.0,,Washed,Drip (Metody alternatywne),light,beans,"Kawa ziarnista jakości speciality pochodząca z Indonezji, wypalana w warszawskiej palarni Java Coffee Specialty Roasters. Jasno palona, idealna do ekspresu przelewowego, dripa, Chemexa, AeroPressa, French Pressa, oraz innych alternatywnych metod parzenia. W smaku wyczuwalne są nuty wiśni, mango oraz melasy.",100% Arabica,Indonezja,0.0,inf
3297,https://www.coffeedesk.pl/product/17114/Java-Coffee-Kenia-Mitaboni,60.0,250 g,Washed,Drip (Metody alternatywne),light,beans,"Kawa ziarnista jakości speciality pochodząca z Kenii, wypalana w warszawskiej palarni Java Coffee Specialty Roasters. Jasno palona, idealna do ekspresu przelewowego, dripa, Chemexa, AeroPressa, French Pressa, oraz innych alternatywnych metod parzenia. W smaku wyczuwalne są nuty czereśni, rabarbaru oraz czerwonego grejpfruta.",100% Arabica,Kenia,250.0,240.0
3298,https://www.coffeedesk.pl/product/17653/Java-Coffee-Kolumbia-Tarso-Antioquia,42.0,250 g,Washed,Drip (Metody alternatywne),light,beans,"Kawa ziarnista jakości speciality pochodząca z Kolumbii, wypalana w warszawskiej palarni Java Coffee Specialty Roasters. Jasno palona, idealna do ekspresu przelewowego, dripa, Chemexa, AeroPressa, French Pressa, oraz innych alternatywnych metod parzenia. W smaku wyczuwalne są nuty herbaty darjeeling, cytryny oraz brzoskwini.",100% Arabica,Kolumbia,250.0,168.0
3299,https://www.coffeedesk.pl/product/17594/Java-Gwatemala-Huehuetenango-La-Bolsa-Jacquelines-88--Washed-Fil-250G--Kawa-Ziarnista-Outlet,43.2,250 g,Washed,Drip (Metody alternatywne),light,beans,"Kawa ziarnista jakości speciality pochodząca z Gwatemali, wypalana w warszawskiej palarni Java Coffee Specialty Roasters. Jasno palona, idealna do ekspresu przelewowego, dripa, Chemexa, AeroPressa, French Pressa, oraz innych alternatywnych metod parzenia. W smaku wyczuwalne są nuty kakao, orzechów laskowych oraz białych winogron.",100% Arabica,Gwatemala,250.0,172.8
3300,https://www.coffeedesk.pl/product/11365/Kalve-Candy-Shop-Espresso-Blend,44.0,250 g,,espresso,medium,,"Kawa ziarnista jakości speciality - unikalny blend pod espresso wypalany przez łotewską palarnię Kalve. Sprawdzi się w ekspresach ciśnieniowych i kawiarkach. Candy shop przywołuje słodkie wspomnienia z dzieciństwa. W smaku tej kawy wyczuwalne są nuty dzikich jagód, kakao oraz karmelu. Pełna, syropowata, o długim finiszu, czystej kwasowości, słodyczy i niskiej goryczy.",None,None,250.0,176.0
3301,https://www.coffeedesk.pl/product/14140/Kalve-Guatemala-Huehuetenango-La-Bolsa,60.0,250 g,Washed,Drip (Metody alternatywne),light,beans,,100% Arabica,Gwatemala,250.0,240.0
3302,https://www.coffeedesk.pl/product/11364/Kalve-Marmalade-Espresso-Blend,53.0,250 g,,espresso,medium,,"Mieszanka kaw ziarnistych jakości speciality wypalony przez łotewską palarnię Kalve. Blend wypalony w średnim stopniu, pod espresso, sprawdzi się w ekspresach ciśnieniowych i kawiarkach. W filiżance można oczekiwać nut ciemnej czekolady oraz suszonych owoców. Pełne body, dżemowa tekstura, długi i słodki finisz!",100% Arabica,"Brazylia, Kostaryka, Nikaragua",250.0,212.0
3303,https://www.coffeedesk.pl/product/6719/Kimbo-Espresso-Napoletano-Ziarnista-500G,36.9,500 g,,espresso,dark,beans,To jedna z najbardziej popularnych kaw marki Kimbo - doskonała mieszanka ziaren arabiki i robusty (80/20). Charakteryzuje się intensywnym smakiem oraz bogatym aromatem kaw z Neapolu.,80/20,None,500.0,73.8
3304,https://www.coffeedesk.pl/product/17593/La-Cabra-Nicaragua-Nuevo-Segovia-Buenos-Aires-Washed-Omni-250G--Kawa-Ziarnista-Outlet,52.65,250 g,Washed,"drip, espresso",medium,beans,"Kawa ziarnista jakości speciality pochodząca z Nikaragui, wypalona w duńskiej palarni La Cabra. Średnio palona, idealna do ekspresu przelewowego, dripa, Chemexa, AeroPressa, oraz innych alternatywych metod parzenia, jak i pod espresso. W smaku wyczuwalne są nuty jaśminu, melona oraz czarnej herbaty.",100% Arabica,Nikaragua,250.0,210.6
3305,https://www.coffeedesk.pl/product/13838/Lacava-Filter-Tasting-Six-Pack-Vol-3-Zestaw-Kaw-6-X-55G,99.0,6 x 55g,,Drip (Metody alternatywne),light,beans,,100% Arabica,None,330.0,300.0
3306,https://www.coffeedesk.pl/product/17510/Lacava-Kostaryka-Las-Lajas-Milenio-Honey-Fil-200G--Kawa-Ziarnista-Outlet,59.25,200 g,Honey,Drip (Metody alternatywne),light,beans,"Kawa ziarnista jakości speciality pochodząca z Kostaryki, wypalona w palarni LaCava. Palona jasno, idealna do ekspresu przelewowego, dripa, Chemexa, AeroPressa, French Pressa, oraz innych alternatywnych metod parzenia. W smaku wyczuwalne są nuty cukierków karmelowych, dżemu śliwkowego, mlecznej czekolady, fig oraz fiołków.",100% Arabica,Kostaryka,200.0,296.25
3307,https://www.coffeedesk.pl/product/17511/Lacava-Peru-San-Ignacio-Washed-Fil-250G--Kawa-Ziarnista-Outlet,33.75,250 g,Washed,Drip (Metody alternatywne),light,beans,"Kawa ziarnista jakości speciality pochodząca z Peru, wypalona w palarni LaCava. Palona jasno, idealna do ekspresu przelewowego, dripa, Chemexa, AeroPressa, French Pressa, oraz innych alternatywnych metod parzenia. W smaku wyczuwalne są nuty herbaty oolong, pomarańczy, rumianku oraz brzoskwini.",100% Arabica,Peru,250.0,135.0
3308,https://www.coffeedesk.pl/product/17512/Lacava-Salwador-Santa-Ana-Salaverria-Anaerobic-Natural-Fil-250G--Kawa-Ziarnista-Outlet,50.37,250 g,Anaerobic natural,Drip (Metody alternatywne),light,beans,"Kawa ziarnista jakości speciality pochodząca z Salwadoru, wypalona w palarni LaCava. Palona jasno, idealna do ekspresu przelewowego, dripa, Chemexa, AeroPressa, French Pressa, oraz innych alternatywnych metod parzenia. W smaku wyczuwalne są nuty mango, truskawki, czerwonego wina, czekolady oraz jogurtu.",100% Arabica,Salwador,250.0,201.48
3309,https://www.coffeedesk.pl/product/135/Lavazza-Super-Crema,57.91,1 kg,,espresso,dark,beans,Mieszanka kilku odmian południowoamerykańskich Arabik oraz indonezyjskiej Robusty.,60/40,None,1000.0,57.91
3310,https://www.coffeedesk.pl/product/3354/Lavazza-Tierra-Selection-100Procent-Arabica-1Kg,69.9,1 kg,,espresso,dark,beans,"Tierra jest mieszanką starannie selekcjonowanych ziaren Arabiki, pochodzących z Ameryki Środkowej i Południowej.",100% Arabica,"Honduras, Kolumbia, Peru",1000.0,69.9
3311,https://www.coffeedesk.pl/product/12063/Le-Piantagioni-Del-Caffe-100-250G,35.0,250 g,,espresso,dark,beans,"100% Arabica to mieszanka arabik z Gwatemali, Etiopii, Salwadoru i Brazylii, wypalanych przez cenioną włoską palarnię Le Piantagioni del Caffè. Kawa o słodowym aromacie i słodkim, kakaowym smaku. Gładka i delikatna.",100% Arabica,None,250.0,140.0
3312,https://www.coffeedesk.pl/product/16724/Le-Piantagioni-Del-Caffe-100-250G-Mielona,36.0,250 g,Washed,espresso,dark,ground,"Kawa mielona wypalona przez cenioną włoską palarnię Le Piantagioni del Caffè. 100% Arabica, mieszanka arabik z Gwatemali, Etiopii, Salwadoru i Brazylii. Kawa o słodowym aromacie i słodkim, kakaowym smaku. Gładka i delikatna.",100% Arabica,Brazylia,250.0,144.0
3313,https://www.coffeedesk.pl/product/12064/Le-Piantagioni-Del-Caffe-78-22-250G,31.0,250 g,,espresso,dark,beans,"Mieszanka ziaren Arabik i Robusty (78/22%) z Brazylii oraz Indii, wypalanych przez cenioną włoską palarnię Le Piantagioni del Caffè. Kawa o słodkich nutach czekolady oraz aromatycznej wanilii. Przygotujesz z niej napar o pełnym, kremowym body.",78/22,"Brazylia, Indie",250.0,124.0
3314,https://www.coffeedesk.pl/product/16721/Le-Piantagioni-Del-Caffe-85-15-250G-Mielona,34.0,250 g,,espresso,dark,ground,"Mieszanka mielonych ziaren Arabik i Robusty (85/15%), z Gwatemali, Etiopii, Salwadoru, Brazylii oraz Indii, wypalanych przez cenioną włoską palarnię Le Piantagioni del Caffè. Kawa o delikatnym aromacie przypraw. W jej smaku pojawiają się nuty orzechów włoskich i lukrecji oraz przyjemna kwasowość.

Ze względu na grubość mielenia, kawa jest polecana szczególnie do kawiarki. Odpowiedni stopień mielenia pozwala łatwiej zaparzyć kawę w poprawny sposób. Woda przepływa przez zmieloną kawę w odpowiednim tempie, co przekłada się na poprawną ekstrakcję i napar o oczekiwanym smaku.",85/15,None,250.0,136.0
3315,https://www.coffeedesk.pl/product/16728/Le-Piantagioni-Del-Caffe-Brazil-Fazenda-Cachoeira-Da-Grama-250G-Mielona,36.0,250 g,Washed,espresso,dark,ground,"Ta mielona jednorodna arabika, wypalona przez włoską palarnię Le Piantagioni del Caffe, pochodzi z plantacji Cachoeira da Gama w Brazylii. Odmiany botaniczne Yellow Bourbon i Red Catuai zostały poddane dość nietypowej jak na tego typu kawy obróbce mytej, co daje nadzieję na ciekawą filiżankę!

Ze względu na grubość mielenia, kawa jest polecana szczególnie do kawiarki. Odpowiedni stopień mielenia pozwala łatwiej zaparzyć kawę w poprawny sposób. Woda przepływa przez zmieloną kawę w odpowiednim tempie, co przekłada się na poprawną ekstrakcję i napar o oczekiwanym smaku.",100% Arabica,Brazylia,250.0,144.0
3316,https://www.coffeedesk.pl/product/16727/Le-Piantagioni-Del-Caffe-Brazil-Fazenda-Cachoeira-Da-Grama-500G,67.0,500 g,Washed,espresso,dark,beans,"Ta jednorodna arabika, wypalona przez włoską palarnię Le Piantagioni del Caffe, pochodzi z plantacji Cachoeira da Gama w Brazylii. Odmiany botaniczne Yellow Bourbon i Red Catuai zostały poddane dość nietypowej jak na tego typu kawy obróbce mytej, co daje nadzieję na ciekawą filiżankę!",100% Arabica,Brazylia,500.0,134.0
3317,https://www.coffeedesk.pl/product/17590/Le-Piantagioni-Del-Caffe-Disruptive-Mexico-San-Pedro,85.0,250 g,Natural,Drip (Metody alternatywne),light,beans,"Kawa ziarnista jakości speciality pochodząca z Meksyku, wypalona we włoskiej palarni Le Piantagioni del Caffè. Jasno palona, idealna do ekspresu przelewowego, dripa, Chemexa, AeroPressa, French Pressa, oraz innych alternatywnych metod parzenia. W smaku są wyczuwalne nuty owoców tropikalnych oraz daktyli. ",100% Arabica,Meksyk,250.0,340.0
3318,https://www.coffeedesk.pl/product/16733/Le-Piantagioni-Del-Caffe-Filter-C-500G,62.0,500 g,,Drip (Metody alternatywne),medium,beans,"Filter C to mieszanka ziaren z Brazylii i Etiopii, wypalanych przez cenioną włoską palarnię Le Piantagioni del Caffè. Palona w średnim stopniu, sprawdzi się szczególnie w ekspresach przelewowych. Ta 100% arabika charakteryzuje się smakiem kandyzowanych cytrusów oraz jaśminu.",100% Arabica,"Brazylia, Etiopia",500.0,124.0
3319,https://www.coffeedesk.pl/product/16732/Le-Piantagioni-Del-Caffe-Lab106-1Kg,119.0,1 kg,,espresso,dark,beans,"LAB#106 to mieszanka ziaren z Brazylii i Indii, wypalanych przez cenioną włoską palarnię Le Piantagioni del Caffè. Palona w ciemnym stopniu, sprawdzi się w ekspresach ciśnieniowych i kawiarkach. Ta 100% arabika charakteryzuje się słodkim smakiem wanilii, kruchego ciasta oraz intensywnością gorzkiej czekolady. Doskonała zarówno jako kawa czarna, jak i z dodatkiem mleka.",100% Arabica,"Brazylia, Indie",1000.0,119.0
3320,https://www.coffeedesk.pl/product/16731/Le-Piantagioni-Del-Caffe-Lab106-250G,35.0,250 g,,espresso,dark,beans,"LAB#106 to mieszanka ziaren z Brazylii i Indii, wypalanych przez cenioną włoską palarnię Le Piantagioni del Caffè. Palona w ciemnym stopniu, sprawdzi się w ekspresach ciśnieniowych i kawiarkach. Ta 100% arabika charakteryzuje się słodkim smakiem wanilii, kruchego ciasta oraz intensywnością gorzkiej czekolady. Doskonała zarówno jako kawa czarna, jak i z dodatkiem mleka.",100% Arabica,"Brazylia, Indie",250.0,140.0
3321,https://www.coffeedesk.pl/product/16726/Le-Piantagioni-Del-Caffe-Peru-Alto-Palomar-250G-Mielona,38.0,250 g,Washed,espresso,dark,ground,"Peru Fair Trade Organic to kawa mielona z odległych rejonów Peru, oznaczona certyfikatami CSC oraz Fairtrade, wypalona przez cenioną włoską palarnię Le Piantagioni del Caffè.

Kawa o pełnym body, delikatnej kwasowości i niezwykłych nutach miodu, prażonych migdałów i słodkiego tytoniu. W posmaku zwieńczona łagodnym smakiem kakao.

Ze względu na grubość mielenia, kawa jest polecana szczególnie do kawiarki. Odpowiedni stopień mielenia pozwala łatwiej zaparzyć kawę w poprawny sposób. Woda przepływa przez zmieloną kawę w odpowiednim tempie, co przekłada się na poprawną ekstrakcję i napar o oczekiwanym smaku.",100% Arabica,Peru,250.0,152.0
3322,https://www.coffeedesk.pl/product/16722/Le-Piantagioni-Del-Caffe-San-Luis-And-Raigode-500G,62.0,500 g,,espresso,dark,beans,"Mieszanka ziaren z Salwadoru (Arabika - 75%) i Indii (Robusta - 25%), wypalanych przez cenioną włoską palarnię Le Piantagioni del Caffè. Kawa o intensywnym aromacie oraz nutach kakao, przypraw i drzewa sandałowego. Dzięki dodatkowi robusty, espresso przygotowane z tych ziaren ma gęstszą, bardziej trwałą cremę.",75/25,"Salwador, Indie",500.0,124.0
3323,https://www.coffeedesk.pl/product/16723/Le-Piantagioni-Del-Caffe-Water-Decaf-Kawa-Bezkofeinowa-500G,70.0,500 g,,espresso,dark,beans,"Bezkofeinowa kawa ziarnista wypalana przez cenioną włoską palarnię Le Piantagioni del Caffè. Palona w ciemnym stopniu, sprawdzi się w ekspresach ciśnieniowych i kawiarkach. Ziarno to 100% arabika pochodząca z Brazylii. W filiżance można spodziewać się przede wszystkim słodyczy o nutach czekoladowo-orzechowych.",100% Arabica,Brazylia,500.0,140.0
3324,https://www.coffeedesk.pl/product/17259/Nomad-Coffee-Brazil-Fazenda-Recanto,57.0,250 g,Honey,Drip (Metody alternatywne),light,beans,"Kawa ziarnista jakości speciality pochodząca z Brazylii, wypalona przez hiszpańską palarnię Nomad Coffee. Palona jasno, idealna do ekspresu przelewowego, dripa, Chemexa, AeroPressa, French Pressa oraz innych alternatywnych metod parzenia. W smaku kawy pojawiają się nuty przypominające brzoskwinie, nektarynki oraz jogurt kokosowo-ananasowy.",100% Arabica,Brazylia,250.0,228.0
3325,https://www.coffeedesk.pl/product/17077/Nomad-Coffee-Burundi-Nemba-Espresso,58.0,250 g,Washed,espresso,medium,beans,"Kawa ziarnista jakości speciality z Burundi, wypalona przez Nomad Coffee. Palona w średnim stopniu, idealna do ekspresów ciśnieniowych oraz kawiarek. W smaku wyczuwalne są nuty miodu, nektarynki oraz różowego pieprzu.
 ",100% Arabica,Burundi,250.0,232.0
3326,https://www.coffeedesk.pl/product/17258/Nomad-Coffee-Colombia-Santuario-Montes-De-Tatama-Espresso,57.0,250 g,Washed,espresso,medium,beans,"Kawa ziarnista jakości speciality z Kolumbii, wypalona przez Nomad Coffee. Palona w średnim stopniu, idealna do ekspresów ciśnieniowych oraz kawiarek. W smaku wyczuwalne są owocowe nuty wiśni i truskawki, wraz ze słodyczą miodu.",100% Arabica,Kolumbia,250.0,228.0
3327,https://www.coffeedesk.pl/product/16965/Nomad-Coffee-Colombia-Santuario-Montes-De-Tatama-Espresso,62.0,250 g,Anaerobic,espresso,medium,beans,"Kawa ziarnista jakości speciality z Kolumbii, wypalona przez Nomad Coffee. Palona w średnim stopniu, idealna do ekspresów ciśnieniowych oraz kawiarek. W smaku wyczuwalne są owocowe nuty śliwki i moreli, wraz ze słodyczą kakao.
 ",100% Arabica,Kolumbia,250.0,248.0
3328,https://www.coffeedesk.pl/product/17782/Paloma-Brazylia-Cerrado-Mineiro-San-Rafael-Natural-Esp-250G--Kawa-Ziarnista-Outlet,22.5,250 g,Natural,espresso,medium,beans,"Kawa ziarnista jakości speciality pochodząca z Brazylii, wypalona we wrocławskiej palarni Paloma. Średnio palona, idealna do ekspresu ciśnieniowego i kawiarki. W smaku wyczuwalne są nuty kakao, ciemnej czekolady i migdałów.",100% Arabica,Brazylia,250.0,90.0
3329,https://www.coffeedesk.pl/product/56/Passalacqua-Mehari,19.0,250 g,,espresso,dark,ground,,55/45,None,250.0,76.0
3330,https://www.coffeedesk.pl/product/14179/Populus-Coffee--Burundi-Heza-Pb-Omniroast,67.0,250 g,Washed,"drip, espresso",medium,beans,"Kawa ziarnista jakości speciality pochodząca z Burundi, wypalona w niemieckiej palarni Populus Coffee. Średnio palona, idealna do ekspresu przelewowego, dripa, Chemexa, AeroPressa, oraz innych alternatywych metod parzenia, jak i pod espresso. W smaku wyczuwalne są nuty borówki, napoju o smaku czarnego bzu oraz czarnej porzeczki.",100% Arabica,Burundi,250.0,268.0
3331,https://www.coffeedesk.pl/product/12426/Populus-Coffee-Brazil-Faf-Bob-O-Link-Omniroast,49.0,250 g,Natural,"drip, espresso",medium,beans,"Kawa ziarnista jakości speciality pochodząca z Brazylii, wypalona w niemieckiej palarni Populus Coffee.  Średnio palona, idealna do ekspresu przelewowego, dripa, Chemexa, AeroPressa, oraz innych alternatywych metod parzenia, jak i pod espresso. W smaku wyczuwalne są nuty ananasa, orzechów laskowych oraz kwiatów.",100% Arabica,Brazylia,250.0,196.0
3332,https://www.coffeedesk.pl/product/15774/Populus-Coffee-Guatemala-Antonio-Gonzales,62.0,250 g,Honey,"drip, espresso",medium,beans,"Kawa ziarnista jakości speciality pochodząca z Gwatemali, wypalona w niemieckiej palarni Populus Coffee. Średnio palona, idealna do ekspresu przelewowego, dripa, Chemexa, AeroPressa, oraz innych alternatywych metod parzenia, jak i pod espresso. W smaku wyczuwalne są nuty ananasa, marakui oraz pralin.",100% Arabica,Gwatemala,250.0,248.0
3333,https://www.coffeedesk.pl/product/14177/Populus-Coffee-Guatemala-Fredy-Orantes-Omniroast,73.0,250 g,Natural,"drip, espresso",medium,beans,"Kawa ziarnista jakości speciality pochodząca z Gwatemali, wypalona w niemieckiej palarni Populus Coffee. Średnio palona, idealna do ekspresu przelewowego, dripa, Chemexa, AeroPressa, oraz innych alternatywych metod parzenia, jak i pod espresso. W smaku wyczuwalne są nuty dojrzałej gruszki, suszonego mango, ciasta z orzechami pekan i wina.",100% Arabica,Gwatemala,250.0,292.0
3334,https://www.coffeedesk.pl/product/15773/Populus-Coffee-Kenya-Maana-Aa-Omniroast,70.0,250 g,Washed,"drip, espresso",medium,beans,"Kawa ziarnista jakości speciality pochodząca z Kenii, wypalona w niemieckiej palarni Populus Coffee. Średnio palona, idealna do ekspresu przelewowego, dripa, Chemexa, AeroPressa, oraz innych alternatywych metod parzenia, jak i pod espresso. W smaku wyczuwalne są nuty maliny, karmelizowanego cukru oraz białej herbaty.",100% Arabica,Kenia,250.0,280.0
3335,https://www.coffeedesk.pl/product/13090/Populus-Coffee-Rwanda-Cyumba-Omniroast,62.0,250 g,Washed,"drip, espresso",medium,beans,"Kawa ziarnista jakości speciality pochodząca z Rwandy, wypalona w niemieckiej palarni Populus Coffee.  Średnio palona, idealna do ekspresu przelewowego, dripa, Chemexa, AeroPressa, oraz innych alternatywych metod parzenia, jak i pod espresso. W smaku wyczuwalne są nuty agrestu, żółtej śliwki oraz kwiatów.",100% Arabica,Rwanda,250.0,248.0
3336,https://www.coffeedesk.pl/product/15755/Puchero-Coffee-Burundi-Kibingo,64.0,250 g,Anaerobic,Drip (Metody alternatywne),light,beans,"Kawa ziarnista jakości speciality pochodząca z Burundi, wypalona przez hiszpańską palarnię Pucher Coffee. Palona jasno, idealna do ekspresu przelewowego, dripa, Chemexa, AeroPressa, French Pressa oraz innych alternatywnych metod parzenia. W smaku kawy pojawiają się nuty miodu, żurawiny, cytryny oraz herbaty.",100% Arabica,Burundi,250.0,256.0
3337,https://www.coffeedesk.pl/product/13413/Puchero-Coffee-El-Salvador-Las-Palmas-Los-Pirineos-13-Omniroast,68.0,250 g,Washed,Drip (Metody alternatywne),light,beans,"Kawa ziarnista jakości speciality pochodząca z Salwadoru, wypalona przez hiszpańską palarnię Puchero Coffee. Palona w średnim stopniu, idealna do ekspresu przelewowego, dripa, Chemexa, AeroPressa, French Pressa, innych alternatywnych metod parzenia, jak  do espresso. W smaku kawy pojawiają się nuty przypominające marakuję, kiwi oraz truskawki. Pojawia się także kwiatowy aromat.",100% Arabica,Salwador,250.0,272.0
3338,https://www.coffeedesk.pl/product/13847/Puchero-Coffee-Indonesia-Kerinci-Gunung-Tujuh-Honey-Omniroast,57.0,250 g,Honey,"drip, espresso",medium,beans,"Kawa ziarnista jakości speciality pochodząca z Indonezji, wypalona przez hiszpańską palarnię Pucher Coffee. Palona w średnim stopniu, idealna do ekspresu przelewowego, dripa, Chemexa, AeroPressa, French Pressa, innych alternatywnych metod parzenia, jak  do espresso. W smaku kawy pojawiają się naturalne nuty przypominające ciemne winogrona, cukier trzcinowy oraz borówki.",100% Arabica,Indonezja,250.0,228.0
3339,https://www.coffeedesk.pl/product/13846/Puchero-Coffee-Laos-Jing-Jhai-R10-Robusta-Espresso,43.0,250 g,Red Honey,espresso,medium,beans,"Kawa ziarnista jakości speciality pochodząca z Laosu, wypalana w hiszpańskiej palarni Puchero. Palona w średnim stopniu, sprawdzi się w ekspresach ciśnieniowych i kawiarkach. W smaku wyczuwalne są nuty rodzynek, orzechów oraz mlecznej czekolady.",100% Robusta,Laos,250.0,172.0
3340,https://www.coffeedesk.pl/product/14231/Rocket-Bean-Costa-Rica-West-Valley,36.0,200 g,Washed,Drip (Metody alternatywne),light,beans,"Kawa ziarnista jakości speciality z Kostaryki, wypalona w  łotewskiej palarni Rocket Bean. Palona jasno, sprawdzi się pod wszelkie przelewowe metody parzenia - od dripa, przez Chemex, AeroPress, French Press, inne alternatywne metody parzenia, aż po ekspresy przelewowe! W jej smaku pojawiają się naturalne nuty przypominające mleczną czekoladę, ciasteczka oraz agrest.",100% Arabica,Kostaryka,200.0,180.0
3341,https://www.coffeedesk.pl/product/16134/Rocket-Bean-Ethiopia-Sidama-Daye-Bensa,69.0,250 g,Natural,Drip (Metody alternatywne),light,beans,"Kawa ziarnista jakości speciality z Etiopii, wypalona w  łotewskiej palarni Rocket Bean. Palona jasno, sprawdzi się pod wszelkie przelewowe metody parzenia - od dripa, przez Chemex, AeroPress, French Press, inne alternatywne metody parzenia, aż po ekspresy przelewowe! W jej smaku pojawiają się naturalne nuty przypominające liczi, herbatę earl grey, cukierki owocowe oraz deser Panna Cotta.",100% Arabica,Etiopia,250.0,276.0
3342,https://www.coffeedesk.pl/product/14232/Rocket-Bean-Guatemala-Huehuetenango-La-Montana-Farm,38.0,200 g,Washed,Drip (Metody alternatywne),light,beans,"Kawa ziarnista jakości speciality z Gwatemali, wypalona w  łotewskiej palarni Rocket Bean. Palona jasno, sprawdzi się pod wszelkie przelewowe metody parzenia - od dripa, przez Chemex, AeroPress, French Press, inne alternatywne metody parzenia, aż po ekspresy przelewowe! W jej smaku pojawiają się nuty przypominające toffi, zielone i suszone jabłka.",100% Arabica,Gwatemala,200.0,190.0
3343,https://www.coffeedesk.pl/product/9164/Rocket-Bean-Rocket-Fuel-Espresso-200G,32.0,200 g,,espresso,medium,beans,"Flagowa mieszanka kaw ziarnistych jakości speciality pochodzących z Brazylii i Kolumbii, wypalona przez łotewską palarnię Rocket Bean. Palona w średnim stopniu, przeznaczona do espresso - doskonale sprawdzi się w ekspresach ciśnieniowych i kawiarkach. W jej smaku pojawiają się naturalne nuty przypominające kakao, pomelo, słód, wanilię i karmelizowane jabłka.",100% Arabica,"Brazylia, Kolumbia",200.0,160.0
3344,https://www.coffeedesk.pl/product/12535/Rocket-Bean-Sweet-Dream-Colombia-Tolima-Excelso-Espresso,36.0,200 g,Washed,espresso,medium,beans,,100% Arabica,Kolumbia,200.0,180.0
3345,https://www.coffeedesk.pl/product/17698/Rocket-Bean-Colombia-Sweet-Dream-Tolima-Excelso-Esp-200G--Kawa-Ziarnista-Outlet,25.2,200 g,Washed,espresso,medium,beans,,100% Arabica,Kolumbia,200.0,126.0
3346,https://www.coffeedesk.pl/product/15442/Rocket-Bean-Indonesia-West-Java-Frinsa-Estate-Closed-Tank-Fermentation-Fil-200G--Kawa-Ziarnista-Out,62.0,200 g,Closed Tank Fermentation,Drip (Metody alternatywne),light,beans,"Kawa ziarnista jakości speciality z Indonezji, wypalona w  łotewskiej palarni Rocket Bean. Palona jasno, sprawdzi się pod wszelkie przelewowe metody parzenia - od dripa, przez Chemex, AeroPress, French Press, inne alternatywne metody parzenia, aż po ekspresy przelewowe! W jej smaku pojawiają się nuty przypominające czerwone wino, brzoskwinie, wanilię oraz dżem truskawkowy.

Kawa o wyjątkowo złożonym smaku - zawdzięcza go dodaniu bakterii kwasu mlekowego do zielonego ziarna podczas jego fermentacji.",100% Arabica,Indonezja,200.0,310.0
3347,https://www.coffeedesk.pl/product/17566/Rocket-Bean-Magic-Pussy-Ethiopia-Guji-Tirtira-Gajo-Natural-Esp-200G--Kawa-Ziarnista-Outlet,39.2,200 g,Natural,espresso,medium,beans,"Kawa ziarnista jakości speciality z Etiopii, wypalona w  łotewskiej palarni Rocket Bean. Palona w średnim stopniu, sprawdzi się w ekspresach ciśnieniowych i kawiarek! W jej smaku pojawiają się naturalne nuty przypominające grilowaną brzoskwinię, gorzką czekoladę, suszonego melona, gałkę muszkatułową oraz jaśmin.",100% Arabica,Etiopia,200.0,196.0
3348,https://www.coffeedesk.pl/product/16265/Royal-Beans-Autumn-Coffee-Gwatemala-La-Senda-Bourbon-125G,80.0,125 g,Carbonic Maceration,Drip (Metody alternatywne),light,beans,"Co kryje się za nazwą Royal Beans? Jeśli ziarno Speciality to kawowe wyżyny, nasze Royal Beans sięgają Himalajów! W tej serii przedstawiamy Wam sam wierzchołek kawowej piramidy, top topów, istne crème de la crème, cenne niczym klejnoty koronne. Anaerobic, Gesha, Nanolot, Lychee - co to znaczy nie po kawowemu? - Royal Beans to asortyment kaw wybranych przez nas z różnych palarni - łączy je wyjątkowy smak, limitowana produkcja, unikalne metody obróbki i najwyższa jakość. Gratka dla kawowych koneserów (również tych aspirujących)!

Kawa ziarnista jakości speciality z Gwatemali, wypalona przez polską palarnię Autumn Coffee Roasters. Palona w jasnym stopniu, idealna do ekspresu przelewowego, dripa, Chemexa, AeroPressa, French Pressa oraz innych alternatywnych metod parzenia. W filiżance można wyczuć nutę poziomki, owoców głogu, białej brzoskwini, dojrzałej gruszki oraz czerwonego wina.",100% Arabica,Gwatemala,125.0,640.0
3349,https://www.coffeedesk.pl/product/16264/Royal-Beans-Autumn-Coffee-Gwatemala-La-Senda-Typica-125G,80.0,125 g,Carbonic Maceration,Drip (Metody alternatywne),light,beans,"Co kryje się za nazwą Royal Beans? Jeśli ziarno Speciality to kawowe wyżyny, nasze Royal Beans sięgają Himalajów! W tej serii przedstawiamy Wam sam wierzchołek kawowej piramidy, top topów, istne crème de la crème, cenne niczym klejnoty koronne. Anaerobic, Gesha, Nanolot, Lychee - co to znaczy nie po kawowemu? - Royal Beans to asortyment kaw wybranych przez nas z różnych palarni - łączy je wyjątkowy smak, limitowana produkcja, unikalne metody obróbki i najwyższa jakość. Gratka dla kawowych koneserów (również tych aspirujących)!

Kawa ziarnista jakości speciality z Gwatemali, wypalona przez polską palarnię Autumn Coffee Roasters. Palona w jasnym stopniu, idealna do ekspresu przelewowego, dripa, Chemexa, AeroPressa, French Pressa oraz innych alternatywnych metod parzenia. W filiżance można wyczuć nutę owoców leśnych, róży, dżemu malinowego oraz różowego wina.",100% Arabica,Gwatemala,125.0,640.0
3350,https://www.coffeedesk.pl/product/16248/Royal-Beans-Autumn-Coffee-Kolumbia-El-Eden-14H-Fermentation-125G,40.0,125 g,Washed,Drip (Metody alternatywne),light,beans,"Co kryje się za nazwą Royal Beans? Jeśli ziarno Speciality to kawowe wyżyny, nasze Royal Beans sięgają Himalajów! W tej serii przedstawiamy Wam sam wierzchołek kawowej piramidy, top topów, istne crème de la crème, cenne niczym klejnoty koronne. Anaerobic, Gesha, Nanolot, Lychee - co to znaczy nie po kawowemu? - Royal Beans to asortyment kaw wybranych przez nas z różnych palarni - łączy je wyjątkowy smak, limitowana produkcja, unikalne metody obróbki i najwyższa jakość. Gratka dla kawowych koneserów (również tych aspirujących)!

Kawa ziarnista jakości speciality z Kolumbii, wypalona przez polską palarnię Autumn Coffee Roasters. Palona w jasnym stopniu, idealna do ekspresu przelewowego, dripa, Chemexa, AeroPressa, French Pressa oraz innych alternatywnych metod parzenia. W jej smaku można wyczuć nuty kwiatów bzu, fiołka, jagód, moreli i lemoniady.",100% Arabica,Kolumbia,125.0,320.0
3351,https://www.coffeedesk.pl/product/17263/Royal-Beans-Casino-Mocca-Colombia-El-Vergel-Gesha,80.0,200 g,Washed,Drip (Metody alternatywne),light,beans,"Kawa ziarnista jakości speciality pochodząca z Kolumbii, wypalona w węgierskiej palarni Casino Mocca. Palona jasno, idealna do ekspresu przelewowego, dripa, Chemexa, AeroPressa, French Pressa, oraz innych alternatywnych metod parzenia. W jej smaku pojawiają się nuty moreli, bergamotki oraz kwiatów akacji.
 ",100% Arabica,Kolumbia,200.0,400.0
3352,https://www.coffeedesk.pl/product/14370/Royal-Beans-Fjord-El-Salvador-Pacamara-Natural,75.0,250 g,Natural,Drip (Metody alternatywne),light,beans,"Kawa ziarnista jakości speciality pochodząca z Salwadoru, wypalana przez niemiecką palarnię Fjord. Palona jasno, idealna do ekspresu przelewowego, dripa, Chemexa, AeroPressa, French Pressa, oraz innych alternatywnych metod parzenia. W smaku są wyczuwalne nuty truskawek, cytrusów oraz kantalupy.",100% Arabica,Salwador,250.0,300.0
4191,https://www.coffeedesk.pl/product/17660/Royal-Beans-Gardelli-Specialty-Coffees-Ethiopia-Chelbessa,82.0,250 g,Washed,"drip, espresso",medium,beans,"Kawa ziarnista jakości speciality pochodząca z Etiopii, wypalana przez Rubensa Gardelliego, Mistrza Świata w wypalaniu kawy z 2017 roku. Palona w średnim stopniu, sprawdzi się zarówno do przelewowych metod parzenia, jak i espresso. W smaku wyczuwalne są nuty jaśminu, bergamotki, melona, brzoskwini oraz moreli.",100% Arabica,Etiopia,250.0,328.0
4192,https://www.coffeedesk.pl/product/17661/Royal-Beans-Gardelli-Specialty-Coffees-Ethiopia-Duwancho,98.0,250 g,Natural,"drip, espresso",medium,beans,"Kawa ziarnista jakości speciality pochodząca z Etiopii, wypalana przez Rubensa Gardelliego, Mistrza Świata w wypalaniu kawy w 2017 roku. Palona w średnim stopniu, sprawdzi się zarówno do przelewowych metod parzenia, jak i espresso. W smaku wyczuwalne są nuty jaśminu, papai, ananasa, marakui oraz brzoskwini.",100% Arabica,Etiopia,250.0,392.0
4193,https://www.coffeedesk.pl/product/13755/Royal-Beans-Hard-Beans-Panama-Savage-Coffees-Caturra-Natural-200G,80.0,200 g,Natural,Drip (Metody alternatywne),light,beans,"Kawa ziarnista jakości speciality pochodząca z Panamy, wypalana przez polską palarnię Hard Beans. Palona jasno, sprawdzi się do ekspresu przelewowego, dripa, Chemexa, AeroPressa, French Pressa, oraz innych alternatywnych metod parzenia. Bardzo cielista, słodka, w jej smaku pojawiają się żółte owoce, owoce tropikalne, odrobina beczki po rumie.",100% Arabica,Panama,200.0,400.0
4194,https://www.coffeedesk.pl/product/14281/Royal-Beans-Kalve-Costa-Rica-Hacienda-Sonora,82.0,250 g,Natural,Drip (Metody alternatywne),light,beans,"Kawa ziarnista jakości speciality z Kostaryki, wypalona w łotewskiej palarni Kalve. Palona jasno, sprawdzi się pod wszelkie przelewowe metody parzenia - od dripa, przez Chemex, AeroPress, French Press, inne alternatywne metody parzenia, aż po ekspresy przelewowe! W jej smaku pojawiają się nuty wiśni, dojrzałych jabłek, czerwonego wina oraz owoców tropikalnych.",100% Arabica,Kostaryka,250.0,328.0
4195,https://www.coffeedesk.pl/product/16499/Royal-Beans-Rocket-Bean-Colombia-Quindio,99.0,200 g,Rum Aged,Drip (Metody alternatywne),light,beans,"Kawa ziarnista jakości speciality z Kolumbii, wypalona w  łotewskiej palarni Rocket Bean. Palona jasno, sprawdzi się pod wszelkie przelewowe metody parzenia - od dripa, przez Chemex, AeroPress, French Press, inne alternatywne metody parzenia, aż po ekspresy przelewowe! W jej smaku pojawiają się naturalne nuty przypominające trufle czekoladowe z rumem, marcepan, suszoną papaję oraz jeżyny.",100% Arabica,Kolumbia,200.0,495.0
4196,https://www.coffeedesk.pl/product/17028/Royal-Beans-Rocket-Bean-Colombia-San-Adolfo,90.0,200 g,Washed Double Anaerobic,Drip (Metody alternatywne),light,beans,"Kawa ziarnista jakości speciality z Kolumbii, wypalona w łotewskiej palarni Rocket Bean. Palona jasno, sprawdzi się pod wszelkie przelewowe metody parzenia - od dripa, przez Chemex, AeroPress, French Press, inne alternatywne metody parzenia, aż po ekspresy przelewowe! W jej smaku pojawiają się naturalne nuty przypominające śliwki, owoc dzikiej róży, borówki w czekoladzie, czerwone jabłka oraz maślane ciastka.",100% Arabica,Kolumbia,200.0,450.0
4197,https://www.coffeedesk.pl/product/17172/Royal-Beans-Rocket-Bean-Colombia-San-Adolfo,112.0,200 g,Anaerobic,Drip (Metody alternatywne),light,beans,"Kawa ziarnista jakości speciality z Kolumbii, wypalona w łotewskiej palarni Rocket Bean. Palona jasno, sprawdzi się pod wszelkie przelewowe metody parzenia - od dripa, przez Chemex, AeroPress, French Press, inne alternatywne metody parzenia, aż po ekspresy przelewowe! W jej smaku pojawiają się naturalne nuty przypominające śliwki, owoc dzikiej róży, czerwone jabłka, ciastka maślane i jagody w czekoladzie.",100% Arabica,Kolumbia,200.0,560.0
4198,https://www.coffeedesk.pl/product/16664/Royal-Beans-Sloane-Colombia-Arcila-Natural-Mandarine-Omniroast,149.0,200 g,Anaerobic,"drip, espresso",medium,beans,"Kawa ziarnista jakości speciality pochodząca z Kolumbii, wypalona w rumuńskiej palarni Sloane przez Bogdana Georegscu, wicemistrza świata roasterów z 2019 roku. Palona w średnim stopniu, idealna zarówno do ekspresu przelewowego, dripa, Chemexa, AeroPressa, French Pressa oraz innych alternatywnych metod parzenia, jak i do espresso i kawiarek. W smaku naparu można się spodziewać nut mandarynki, gorzkiej czekolady, wiśni oraz sosu angielskiego.",100% Arabica,Kolumbia,200.0,745.0
4199,https://www.coffeedesk.pl/product/13895/Royal-Beans-Sloane-Colombia-Mandela-La-Esperanza-Omniroast-200G,64.0,200 g,Hybrid Natural,"drip, espresso",medium,beans,"Kawa ziarnista jakości speciality pochodząca z Kolumbii, wypalona w rumuńskiej palarni Sloane przez Bogdana Georegscu, wicemistrza świata roasterów z 2019 roku. Palona w średnim stopniu, idealna zarówno do ekspresu przelewowego, dripa, Chemexa, AeroPressa, French Pressa oraz innych alternatywnych metod parzenia, jak i do espresso i kawiarek. W smaku naparu można się spodziewać nut jaśminu, owoców tropikalnych, mango, ananasa, brzoskwini, wanilii oraz czekolady z likierem.",100% Arabica,Kolumbia,200.0,320.0
4200,https://www.coffeedesk.pl/product/16863/Rusty-Nails-El-Salvador-Los-Pirineos,62.0,250 g,Anaerobic,Drip (Metody alternatywne),light,beans,"Kawa ziarnista jakości speciality pochodząca z Salwadoru, wypalona w czeskiej palarni Rusty Nails. Jasno palona, idealna do ekspresu przelewowego, dripa, Chemexa, AeroPressa, oraz innych alternatywych metod parzenia. W samku wyczuwalne są nuty pomarańczy, suszonej moreli i toffi.",100% Arabica,Salwador,250.0,248.0
4201,https://www.coffeedesk.pl/product/17592/Rusty-Nails-El-Salvador-Usulutan-Los-Pirineos-Anaerobic-Fil-250G--Kawa-Ziarnista-Outlet,46.5,250 g,Anaerobic,Drip (Metody alternatywne),light,beans,"Kawa ziarnista jakości speciality pochodząca z Salwadoru, wypalona w czeskiej palarni Rusty Nails. Jasno palona, idealna do ekspresu przelewowego, dripa, Chemexa, AeroPressa, oraz innych alternatywych metod parzenia. W samku wyczuwalne są nuty pomarańczy, suszonej moreli i toffi.",100% Arabica,Salwador,250.0,186.0
4202,https://www.coffeedesk.pl/product/11071/Simplo-Gwatemala-Bootleg-Filter,46.0,250 g,Washed,Drip (Metody alternatywne),light,beans,"Kawa ziarnista jakości speciality pochodząca z Gwatemali, wypalona w warszawskiej palarni SIMPLo. Palona jasno, idealna do ekspresu przelewowego, dripa, Chemexa, AeroPressa, French Pressa, oraz innych alternatywnych metod parzenia. Możesz w niej wyczuć nuty zielonego jabłka, kakao oraz toffi.",100% Arabica,Gwatemala,250.0,184.0
4203,https://www.coffeedesk.pl/product/11070/Simplo-Rwanda-Lola-Filter,46.0,250 g,Washed,Drip (Metody alternatywne),light,beans,,100% Arabica,Rwanda,250.0,184.0
4204,https://www.coffeedesk.pl/product/15684/Simplo-Tanzania-Manic-Monday,39.0,250 g,Washed,Drip (Metody alternatywne),light,beans,"Kawa ziarnista jakości speciality pochodząca z Tanzanii, wypalona w warszawskiej palarni SIMPLo. Palona jasno, idealna do ekspresu przelewowego, dripa, Chemexa, AeroPressa, French Pressa, oraz innych alternatywnych metod parzenia. Możesz w niej wyczuć nuty czerwonych porzeczek, miodu oraz pomelo.",100% Arabica,Tanzania,250.0,156.0
4205,https://www.coffeedesk.pl/product/16015/Sloane-El-Salvador-El-Roble-Hsf,58.0,250 g,Black Honey,"drip, espresso",medium,beans,"Kawa ziarnista jakości speciality pochodząca z Peru, wypalona w rumuńskiej palarni Sloane przez Bogdana Georegscu, wicemistrza świata roasterów z 2019 roku. Palona w średnim stopniu, idealna zarówno do ekspresu przelewowego, dripa, Chemexa, AeroPressa, French Pressa oraz innych alternatywnych metod parzenia, jak i do espresso i kawiarek. W smaku naparu można się spodziewać nut jeżyn, żurawiny, miodu, daktyli, orzechów makadamia oraz gorzkiej czekolady.",100% Arabica,Salwador,250.0,232.0
4206,https://www.coffeedesk.pl/product/17508/Sloane-El-Salvador-Kenya-Natural,59.0,200 g,Natural,"drip, espresso",medium,beans,"Kawa ziarnista jakości speciality pochodząca z Salwadoru, wypalona w rumuńskiej palarni Sloane przez Bogdana Georegscu, wicemistrza świata roasterów z 2019 roku. Palona w średnim stopniu, idealna zarówno do ekspresu przelewowego, dripa, Chemexa, AeroPressa, French Pressa oraz innych alternatywnych metod parzenia, jak i do espresso i kawiarek. W smaku naparu można się spodziewać nut śliwek, liczi, mlecznej czekolady, masła orzechowego oraz bitej śmietany.",100% Arabica,Salwador,200.0,295.0
4207,https://www.coffeedesk.pl/product/13896/Sloane-Ethiopia-Bonde-Woman-Omniroast,46.0,250 g,Washed,"drip, espresso",medium,beans,"Kawa ziarnista jakości speciality pochodząca z Etiopii, wypalona w rumuńskiej palarni Sloane przez Bogdana Georegscu, wicemistrza świata roasterów z 2019 roku. Palona w średnim stopniu, idealna zarówno do ekspresu przelewowego, dripa, Chemexa, AeroPressa, French Pressa oraz innych alternatywnych metod parzenia, jak i do espresso i kawiarek. W smaku naparu można się spodziewać nut brzoskwini, jaśminu, białej herbaty oraz słodkiej cytryny.",100% Arabica,Etiopia,250.0,184.0
4208,https://www.coffeedesk.pl/product/17552/Sloane-El-Salvador-Apaneca-El-Roble-Hsf-Omni-250G--Kawa-Ziarnista-Outlet,43.5,250 g,Black Honey,"drip, espresso",medium,beans,"Kawa ziarnista jakości speciality pochodząca z Peru, wypalona w rumuńskiej palarni Sloane przez Bogdana Georegscu, wicemistrza świata roasterów z 2019 roku. Palona w średnim stopniu, idealna zarówno do ekspresu przelewowego, dripa, Chemexa, AeroPressa, French Pressa oraz innych alternatywnych metod parzenia, jak i do espresso i kawiarek. W smaku naparu można się spodziewać nut jeżyn, żurawiny, miodu, daktyli, orzechów makadamia oraz gorzkiej czekolady.",100% Arabica,Salwador,250.0,174.0
4209,https://www.coffeedesk.pl/product/8918/Solberg-And-Hansen-Brazil-Fazenda-Barreiro-Espresso,37.0,250 g,Natural,espresso,medium,beans,"Kawa ziarnista jakości speciality pochodząca z Brazylii, wypalana w norweskiej palarni Solberg & Hansen. Palona w średnim stopniu, przeznaczona do espresso - doskonale sprawdzi się w ekspresach ciśnieniowych i kawiarkach. Na pierwszy plan wychodzi słodycz - można tu odnaleźć czekoladę, orzechy laskowe i jeżyny.",100% Arabica,Brazylia,250.0,148.0
4210,https://www.coffeedesk.pl/product/14041/Solberg-And-Hansen-Guatemala-Las-Minas,45.0,250 g,Washed,Drip (Metody alternatywne),light,beans,"Kawa ziarnista jakości speciality z Gwatemali, wypalana w norweskiej palarni Solberg&Hansen. Palona jasno, idealna do ekspresu przelewowego, dripa, Chemexa, AeroPressa, French Pressa oraz innych alternatywnych metod parzenia. Słodka i soczysta.",100% Arabica,Gwatemala,250.0,180.0
4211,https://www.coffeedesk.pl/product/15950/Solberg-And-Hansen-Papua-New-Guinea-Kraftig-Julekaffe-2020,52.0,250 g,Washed,espresso,medium,beans,"Kawa ziarnista jakości speciality z Papui Nowej Gwinei, wypalana w norweskiej palarni Solberg&Hansen. Palona w średnim stopniu pod espresso - doskonała do ekspresu ciśnieniowego i kawiarki. W smaku wyczuwalne są nuty czekolady, jagód oraz przypraw.",100% Arabica,Papua Nowa Gwinea,250.0,208.0
4212,https://www.coffeedesk.pl/product/17122/Solberg-And-Hansen-Paskekaffe-Tumba,51.0,250 g,Washed,Drip (Metody alternatywne),light,beans,"Kawa ziarnista jakości speciality pochodząca z Rwandy, wypalona w norweskiej palarni Solberg & Hansen. Palona jasno, idealna do ekspresu przelewowego, dripa, Chemexa, AeroPressa, French Pressa, oraz innych alternatywnych metod parzenia. Słodka i soczysta, o nutach suszonych owoców, pomarańczy i winogron.",100% Arabica,Rwanda,250.0,204.0
4213,https://www.coffeedesk.pl/product/17802/Solberg-And-Hansen-Guatemala-Las-Minas-Washed-Fil-250G--Kawa-Ziarnista-Outlet,31.5,250 g,Washed,Drip (Metody alternatywne),light,beans,"Kawa ziarnista jakości speciality z Gwatemali, wypalana w norweskiej palarni Solberg&Hansen. Palona jasno, idealna do ekspresu przelewowego, dripa, Chemexa, AeroPressa, French Pressa oraz innych alternatywnych metod parzenia. Słodka i soczysta.",100% Arabica,Gwatemala,250.0,126.0
4214,https://www.coffeedesk.pl/product/17596/Solberg-And-Hansen-Paskekaffe-Rwanda-Tumba-Washed-Fil-250G--Kawa-Ziarnista-Outlet,35.7,250 g,Washed,Drip (Metody alternatywne),light,beans,"Kawa ziarnista jakości speciality pochodząca z Rwandy, wypalona w norweskiej palarni Solberg & Hansen. Palona jasno, idealna do ekspresu przelewowego, dripa, Chemexa, AeroPressa, French Pressa, oraz innych alternatywnych metod parzenia. Słodka i soczysta, o nutach suszonych owoców, pomarańczy i winogron.",100% Arabica,Rwanda,250.0,142.8
4215,https://www.coffeedesk.pl/product/16657/Story-Coffee-Gwatemala-Winter-Coffee-Espresso,42.0,250 g,Washed,espresso,medium,beans,"Kawa ziarnista jakości speciality pochodząca z Gwatemali, wypalana w warszawskiej palarni Story Coffee. Palona w średnim stopniu, sprawdzi się w ekspresach ciśnieniowych i kawiarkach. W smaku wyczuwalne są nuty czekoladowych pralin, marcepanu oraz czerwonego jabłka.",100% Arabica,Gwatemala,250.0,168.0
4216,https://www.coffeedesk.pl/product/13753/Story-Coffee-Morning-Brew-1Kg,125.0,1 kg,Washed,,light,beans,"Kawa ziarnista jakości speciality pochodząca z Gwatemali, wypalona w warszawskiej palarni Story Coffee Roasters. Palona jasno, idealna do ekspresu przelewowego, dripa, Chemexa, AeroPressa, French Pressa, oraz innych alternatywnych metod parzenia. Kawa charakteryzuje się wysoką słodyczą i delikatną owocowością.",100% Arabica,Gwatemala,1000.0,125.0
4217,https://www.coffeedesk.pl/product/12040/Story-Coffee-Morning-Brew-250G,37.0,250 g,Washed,,light,beans,"Kawa ziarnista jakości speciality pochodząca z Gwatemali, wypalona w warszawskiej palarni Story Coffee Roasters. Palona jasno, idealna do ekspresu przelewowego, dripa, Chemexa, AeroPressa, French Pressa, oraz innych alternatywnych metod parzenia. Kawa charakteryzuje się wysoką słodyczą i delikatną owocowością.",100% Arabica,Gwatemala,250.0,148.0
4218,https://www.coffeedesk.pl/product/8135/Story-Coffee-Roasters-Blend-No2-Brazil-X-Honduras-1Kg,90.0,1 kg,,espresso,medium,beans,"Mieszanka kaw ziarnistych jakości speciality pochodzących z Brazylii i Hondurasu, wypalana w warszawskiej palarni Story Coffee Roasters. Ziarno palone w średnim stopniu, przeznaczone do ekspresów automatycznych, espresso i kawiarek. Kawa o wielowarstwowej słodyczy przypominającej kakao, melasę oraz śliwki w czekoladzie - świetna zarówno w pojedynkę, jak i z dodatkiem mleka.",100% Arabica,"Brazylia, Honduras",1000.0,90.0
4219,https://www.coffeedesk.pl/product/8137/Story-Coffee-Roasters-Brazil-Mogiana-Espresso-1Kg,90.0,1 kg,Natural,espresso,medium,beans,"Kawa ziarnista jakości speciality pochodząca z Brazylii, wypalona w warszawskiej palarni Story Coffee Roasters. Palona w średnim stopniu, doskonale sprawdzi się w ekspresach ciśnieniowych i kawiarkach. W filiżance odnajdziesz pełne, gładkie body o nutach czekolady i karmelu oraz o łagodnej owocowości.",100% Arabica,Brazylia,1000.0,90.0
4220,https://www.coffeedesk.pl/product/17496/The-Barn-Burundi-Ninga-Hill,64.0,250 g,Washed,Drip (Metody alternatywne),light,beans,,100% Arabica,Burundi,250.0,256.0
4221,https://www.coffeedesk.pl/product/11671/The-Barn-Colombia-Cauca-Julian-Palomino-Espresso-250G,58.0,250 g,Washed,espresso,medium,beans,,100% Arabica,Kolumbia,250.0,232.0
4222,https://www.coffeedesk.pl/product/17655/The-Barn-Kenya-Gakuyu-Ini-Aa,66.0,250 g,Washed,Drip (Metody alternatywne),light,beans,"Kawa ziarnista jakości speciality pochodząca z Kenii, wypalona w berlińskiej palarni The Barn. Palona w średnim stopniu, przeznaczona do espresso - doskonale sprawdzi się w ekspresach ciśnieniowych i kawiarkach. W smaku można wyczuć naturalne nuty czarnej porzeczki oraz śliwki.",100% Arabica,Kenia,250.0,264.0
4223,https://www.coffeedesk.pl/product/17497/The-Barn-Mexico-Sibactel-Espresso,63.0,250 g,Washed,espresso,medium,beans,"Kawa ziarnista jakości speciality pochodząca z Meksyku wypalona w berlińskiej palarni The Barn. Palona w średnim stopniu, przeznaczona do espresso - doskonale sprawdzi się w ekspresach ciśnieniowych i kawiarkach. W smaku można wyczuć naturalne nuty pistacji i wanilii, z kremową teksturą.",100% Arabica,Meksyk,250.0,252.0
4224,https://www.coffeedesk.pl/product/8842/The-Coffee-Collective-Bolivia-Finca-Los-Rodriguez-Coco-Natural,69.0,250 g,Natural,Drip (Metody alternatywne),light,beans,"Kawa ziarnista jakości speciality pochodząca z Boliwii, wypalana przez duńską palarnię The Coffee Collective. Palona jasno, idealna do ekspresu przelewowego, dripa, Chemexa, AeroPressa, French Pressa, oraz innych alternatywnych metod parzenia. W filiżance można się spodziewać winnej kwasowości, nut cydru gruszkowego, łagodnego akcentu papai oraz aromatu kwiatów pomarańczy.",100% Arabica,Boliwia,250.0,276.0
4225,https://www.coffeedesk.pl/product/11865/The-Coffee-Collective-Ethiopia-Buku,66.0,250 g,Washed,Drip (Metody alternatywne),light,beans,"Kawa ziarnista jakości speciality pochodząca z Etiopii, wypalana przez duńską palarnię The Coffee Collective. Palona jasno, idealna do ekspresu przelewowego, dripa, Chemexa, AeroPressa, French Pressa, oraz innych alternatywnych metod parzenia. W smaku wyczuwalne są nuty brzoskwini i cytrusów, wraz z aromatem chmielu.",100% Arabica,Etiopia,250.0,264.0
4226,https://www.coffeedesk.pl/product/7710/The-Coffee-Collective-Guatemala-Finca-Vista-Hermosa,63.0,250 g,Washed,Drip (Metody alternatywne),light,beans,"Kawa ziarnista jakości speciality pochodząca z Gwatemali, wypalana przez duńską palarnię The Coffee Collective. Palona jasno, idealna do ekspresu przelewowego, dripa, Chemexa, AeroPressa, French Pressa, oraz innych alternatywnych metod parzenia. Dobrze zbalansowana kawa o łagodnej kwasowości oraz owocowej słodyczy. W smaku pojawiają się nuty orzechów pekan, nugatu i kwiatów pomarańczy.",100% Arabica,Gwatemala,250.0,252.0
4227,https://www.coffeedesk.pl/product/11385/The-Coffee-Collectve-Colombia-Enciso,66.0,250 g,Washed,Drip (Metody alternatywne),light,beans,"Kawa ziarnista jakości speciality pochodząca z Kolumbii, wypalana przez duńską palarnię The Coffee Collective. Palona jasno, idealna do ekspresu przelewowego, dripa, Chemexa, AeroPressa, French Pressa, oraz innych alternatywnych metod parzenia. W smaku pojawiają się nuty kwiatów pomarańczy, toffi, mandarynek oraz zielonych winogron.",100% Arabica,Kolumbia,250.0,264.0
4228,https://www.coffeedesk.pl/product/16353/Tim-Wendelboe-El-Salvador-Los-Pirineos,69.0,250 g,Washed,Drip (Metody alternatywne),light,beans,"Kawa ziarnista jakości speciality pochodząca z Salwadoru, wypalane w norweskiej palarni założonej przez Tima Wendelboe, Mistrza Świata Baristów 2004, Mistrza Świata Cup Tasters 2005 oraz wielokrotnego Mistrza Norwegii w wypalaniu kawy.

Palona jasno, idealna do ekspresu przelewowego, dripa, Chemexa, AeroPressa, French Pressa, oraz innych alternatywnych metod parzenia. Wyczuwalne są nuty ciemnej czekolady, suszonych jagód oraz prażonych orzechów.",100% Arabica,Salwador,250.0,276.0
4229,https://www.coffeedesk.pl/product/10226/Tim-Wendelboe-Ethiopia-Fahem,75.0,250 g,Washed,Drip (Metody alternatywne),light,beans,"Kawa ziarnista jakości speciality pochodzące z Etiopii, wypalane w norweskiej palarni założonej przez Tima Wendelboe, Mistrza Świata Baristów 2004, Mistrza Świata Cup Tasters 2005 oraz wielokrotnego Mistrza Norwegii w wypalaniu kawy. Palona jasno, idealna do ekspresu przelewowego, dripa, Chemexa, AeroPressa, French Pressa, oraz innych alternatywnych metod parzenia. W smaku owocowa i kwiatowa, o nutach cytrusów i owoców pestkowych.",100% Arabica,Etiopia,250.0,300.0
4230,https://www.coffeedesk.pl/product/14174/Tu-Cafe-Gwatemala-El-Naranjo,45.0,250 g,Washed,Drip (Metody alternatywne),light,beans,"Kawa ziarnista jakości speciality pochodząca z Gwatemali, wypalona w polskiej palarni Tu Café. Palona w jasnym stopniu, sprawdzi się zarówno do ekspresu ciśnieniowego oraz kawiarki, jak i do ekspresu przelewowego, dripa, Chemexa, AeroPressa, French Pressa i innych alternatywnych metod parzenia. W smaku pojawiają się nuty owoców leśnych, czerwonych owoców i ciemnej czekolady.",100% Arabica,Gwatemala,250.0,180.0
4231,https://www.coffeedesk.pl/product/13350/Tu-Cafe-Gwatemala-Los-Pinos-Filter,45.0,250 g,Washed,Drip (Metody alternatywne),light,beans,"Kawa ziarnista jakości speciality pochodząca z Gwatemali, wypalona w polskiej palarni Tu Café. Palona w jasnym stopniu, sprawdzi się zarówno do ekspresu ciśnieniowego oraz kawiarki, jak i do ekspresu przelewowego, dripa, Chemexa, AeroPressa, French Pressa i innych alternatywnych metod parzenia. W smaku pojawiają się nuty kakao, wanilii, gruszki, wiśni oraz aromat hibiskusa.",100% Arabica,Gwatemala,250.0,180.0
4232,https://www.coffeedesk.pl/product/14176/Tu-Cafe-Kenia-Kegwa-Aa,45.0,250 g,Washed,Drip (Metody alternatywne),light,beans,"Kawa ziarnista jakości speciality pochodząca z Kenii, wypalona w polskiej palarni Tu Café. Palona w jasnym stopniu, sprawdzi się zarówno do ekspresu ciśnieniowego oraz kawiarki, jak i do ekspresu przelewowego, dripa, Chemexa, AeroPressa, French Pressa i innych alternatywnych metod parzenia. W smaku pojawiają się nuty czarnej porzeczki oraz mlecznej czekolady.",100% Arabica,Kenia,250.0,180.0
4233,https://www.coffeedesk.pl/product/16958/Van-Gulpen-Colombia-El-Paraiso,60.0,250 g,Anaerobic,Drip (Metody alternatywne),light,beans,"Kawa ziarnista jakości speciality pochodząca z Kolumbii, wypalona przez niemiecką palarnię Van Gülpen. Palona jasno, idealna do ekspresu przelewowego, dripa, Chemexa, AeroPressa, French Pressa, oraz innych alternatywnych metod parzenia. Pojawiają się w niej nuty zbliżone do malin, wanilii oraz rabarbaru.",100% Arabica,Kolumbia,250.0,240.0
4234,https://www.coffeedesk.pl/product/10724/Van-Gulpen-Ethiopia-Worka,48.0,250 g,Natural,Drip (Metody alternatywne),light,beans,"Kawa ziarnista jakości speciality pochodząca z Etiopii, wypalona przez niemiecką palarnię Van Gülpen. Palona jasno, idealna do ekspresu przelewowego, dripa, Chemexa, AeroPressa, French Pressa, oraz innych alternatywnych metod parzenia. Pojawiają się w niej nuty zbliżone do melona, cytryny oraz jeżyny.",100% Arabica,Etiopia,250.0,192.0
4235,https://www.coffeedesk.pl/product/11882/Wroasters-Brazylia-Naimeg,50.0,250 g,Fermentacja kontrolowana,"drip, espresso",medium,beans,"Kawa ziarnista jakości speciality pochodząca z Brazylii, wypalana we wrocławskiej palarni Wroasters (Etno Cafe). Palona w średnim stopniu, idealna do ekspresu przelewowego, dripa, Chemexa, AeroPressa, French Pressa, innych alternatywnych metod parzenia, jak i do espresso. W smaku wyczuwalne są słodkie nuty miodu i świeżej marakui z odrobiną pomarańczy.
 ",100% Arabica,Brazylia,250.0,200.0
4236,https://www.coffeedesk.pl/product/14368/Wroasters-Kenia-Nyeri,50.0,250 g,Washed,Drip (Metody alternatywne),light,beans,"Kawa ziarnista jakości speciality pochodząca z Kenii, wypalana we wrocławskiej palarni Wroasters (Etno Cafe). Palona jasno, idealna do ekspresu przelewowego, dripa, Chemexa, AeroPressa, French Pressa, oraz innych alternatywnych metod parzenia. W smaku wyczuwalne są nuty limonki, zielonego jabłka oraz marakui.",100% Arabica,Kenia,250.0,200.0
4237,https://www.coffeedesk.pl/product/16827/Wroasters-Kostaryka-San-Diego,45.0,250 g,Natural,Drip (Metody alternatywne),light,beans,"Kawa ziarnista jakości speciality pochodząca z Kostaryki, wypalana we wrocławskiej palarni Wroasters (Etno Cafe). Palona jasno, idealna do ekspresu przelewowego, dripa, Chemexa, AeroPressa, French Pressa, oraz innych alternatywnych metod parzenia. W smaku wyczuwalne są nuty białej brzoskwini, suszonych owoców oraz cukru trzcinowego.",100% Arabica,Kostaryka,250.0,180.0
4238,https://www.coffeedesk.pl/product/13815/Wroasters-X-Coffeedesk-Rwanda-Bugoyi,42.0,250 g,Natural,"drip, espresso",medium,beans,"Zimowa kawa przygotowana specjalnie dla nas przez dobrze znaną Wam palarnię - oto wynik współpracy Coffeedesk oraz wrocławskich Wroasters!

Kawa ziarnista jakości speciality pochodząca z Rwandy, palona w średnim stopniu, idealna do wszystkic metod parzenia: espresso, kawiarki, ekspresu przelewowego, dripa, Chemexa, AeroPressa, French Pressa, oraz innych alternatywnych metod parzenia. W smaku wyczuwalne są nuty dżemu truskawkowego oraz kakao, z mleczną teksturą.",100% Arabica,Rwanda,250.0,168.0
4239,https://www.coffeedesk.pl/product/17702/Casino-Mocca-Ethiopia-Yirgacheffe-Wibeti-Washed-Fil-200G--Kawa-Ziarnista-Outlet,31.5,200 g,Washed,Drip (Metody alternatywne),light,beans,"Kawa ziarnista jakości speciality pochodząca z Etiopii, wypalona w węgierskiej palarni Casino Mocca. Palona jasno, idealna do ekspresu przelewowego, dripa, Chemexa, AeroPressa, French Pressa, oraz innych alternatywnych metod parzenia. W jej smaku pojawiają się skórki cytrynowej, zielonej herbaty i bergamotki.",100% Arabica,Etiopia,200.0,157.5
4240,https://www.coffeedesk.pl/product/244/La-Brasiliana-Marfisa,27.99,250 g,,espresso,dark,beans,"Kawa składająca się z rzadkich i chronionych gatunków Coffea Arabica z niewielką domieszką robusty, o niskiej zawartość kofeiny. Marfisa jest dla tych kawoszy, którzy lubią smak dobrej kawy. Doskonała wydajność w ekspresach.",90/10,None,250.0,111.96
4241,https://www.coffeedesk.pl/product/52/New-York-Extra,29.9,250 g,,espresso,medium,beans,"New York Caffe Extra to mieszanka najwyższej jakości ziaren Arabiki, pochodzących z Ameryki Środkowej z wyjątkowymi i najdroższymi na świecie  ziarnami Jamaica Blue Mountain.",100% Arabica,None,250.0,119.6
4242,https://www.coffeedesk.pl/product/59/New-York-Extra-P,25.9,250 g,,espresso,medium,beans,"New York Caffe Extra P to  mieszanka najlepszych odmian ziaren Arabiki (80%) pochodzących z Ameryki Południowej oraz indonezyjskiej Robusty (20%).
 ",80/20,None,250.0,103.6
4243,https://www.coffeedesk.pl/product/53/New-York-Extra-P,99.9,1 kg,,espresso,medium,beans,"New York Caffe Extra P to mieszanka najlepszych odmian ziaren Arabiki (80%), pochodzących z Ameryki Południowej oraz indonezyjskiej Robusty (20%).",80/20,None,1000.0,99.9
4244,https://www.coffeedesk.pl/product/29/New-York-Lattina-100Procent-Arabica-Macinato-Moka,25.9,250 g,,espresso,dark,ground,"Espresso przygotowane na bazie kawy New York Macinato Moka, jest obowiązkową pozycją dla każdego smakosza kawy. ",100% Arabica,None,250.0,103.6
4245,https://www.coffeedesk.pl/product/55/New-York-Macinato-Moka,19.9,250 g,,espresso,dark,ground,Espresso przygotowane na bazie kawy New York Macinato Moka jest obowiązkową pozycją dla każdego smakosza kawy. ,100% Arabica,None,250.0,79.6
4246,https://www.coffeedesk.pl/product/17090/The-Coffee-Collective-Colombia-Huila-Jaime-Casallas,67.0,,Washed,Drip (Metody alternatywne),light,beans,"Kawa ziarnista jakości speciality pochodząca z Kolumbii, wypalana przez duńską palarnię The Coffee Collective. Palona jasno, idealna do ekspresu przelewowego, dripa, Chemexa, AeroPressa, French Pressa, oraz innych alternatywnych metod parzenia. W filiżance można się spodziewać czystego smaku o lekkiej kwasowości i mocnej słodyczy. Pojawiają się nuty kwiatów, dojrzałych owoców pestkowych i winogron.",100% Arabica,Kolumbia,0.0,inf
4247,https://www.coffeedesk.pl/product/13798/Van-Gulpen-Brazil-Patricia-Borges,44.0,250 g,Natural,Drip (Metody alternatywne),light,beans,"Kawa ziarnista jakości speciality pochodząca z Brazylii, wypalona przez niemiecką palarnię Van Gülpen. Palona jasno, idealna do ekspresu przelewowego, dripa, Chemexa, AeroPressa, French Pressa, oraz innych alternatywnych metod parzenia. Pojawiają się w niej nuty zbliżone do czekolady, orzecha laskowego oraz cukru trzcinowego.",100% Arabica,Brazylia,250.0,176.0
